timestamp,bid1,bvol1,ask1,avol1,bid2,bvol2,ask2,avol2,bid3,bvol3,ask3,avol3,bid4,bvol4,ask4,avol4,bid5,bvol5,ask5,avol5
1525402847,158.48,53.47174546,158.49,223.93382559,158.48,53.47174546,158.49,223.93382559,158.48,53.47174546,158.49,223.93382559,158.48,53.47174546,158.49,223.93382559,158.48,53.47174546,158.49,223.93382559
1525402848,158.48,53.47174546,158.49,221.83353752,158.48,53.47174546,158.49,221.83353752,158.48,53.47174546,158.49,221.83353752,158.48,53.47174546,158.49,221.83353752,158.48,53.47174546,158.49,221.83353752
1525402849,158.48,53.47174546,158.49,221.83353752,158.48,53.47174546,158.49,221.83353752,158.48,53.47174546,158.49,221.83353752,158.48,53.47174546,158.49,221.83353752,158.48,53.47174546,158.49,221.83353752
1525402850,158.48,53.47174546,158.49,224.65914298,158.48,53.47174546,158.49,224.65914298,158.48,53.47174546,158.49,224.65914298,158.48,53.47174546,158.49,224.65914298,158.48,53.47174546,158.49,224.65914298
1525402851,158.48,53.47174546,158.49,224.55914298,158.48,53.47174546,158.49,224.55914298,158.48,53.47174546,158.49,224.55914298,158.48,53.47174546,158.49,224.55914298,158.48,53.47174546,158.49,224.55914298
1525402853,158.48,53.47174546,158.49,157.84009731,158.48,53.47174546,158.49,157.84009731,158.48,53.47174546,158.49,157.84009731,158.48,53.47174546,158.49,157.84009731,158.48,53.47174546,158.49,157.84009731
1525402854,158.48,53.47174546,158.49,157.84009731,158.48,53.47174546,158.49,157.84009731,158.48,53.47174546,158.49,157.84009731,158.48,53.47174546,158.49,157.84009731,158.48,53.47174546,158.49,157.84009731
1525402855,158.48,53.47174546,158.49,157.84009731,158.48,53.47174546,158.49,157.84009731,158.48,53.47174546,158.49,157.84009731,158.48,53.47174546,158.49,157.84009731,158.48,53.47174546,158.49,157.84009731
1525402856,158.48,53.47174546,158.49,157.66429731,158.48,53.47174546,158.49,157.66429731,158.48,53.47174546,158.49,157.66429731,158.48,53.47174546,158.49,157.66429731,158.48,53.47174546,158.49,157.66429731
1525402857,158.48,53.47174546,158.49,157.82429731,158.48,53.47174546,158.49,157.82429731,158.48,53.47174546,158.49,157.82429731,158.48,53.47174546,158.49,157.82429731,158.48,53.47174546,158.49,157.82429731
1525402859,158.48,53.47174546,158.49,157.82429731,158.48,53.47174546,158.49,157.82429731,158.48,53.47174546,158.49,157.82429731,158.48,53.47174546,158.49,157.82429731,158.48,53.47174546,158.49,157.82429731
1525402860,158.48,53.47174546,158.49,157.82429731,158.48,53.47174546,158.49,157.82429731,158.48,53.47174546,158.49,157.82429731,158.48,53.47174546,158.49,157.82429731,158.48,53.47174546,158.49,157.82429731
1525402861,158.48,53.47174546,158.49,157.82429731,158.48,53.47174546,158.49,157.82429731,158.48,53.47174546,158.49,157.82429731,158.48,53.47174546,158.49,157.82429731,158.48,53.47174546,158.49,157.82429731
1525402862,158.48,93.57216546,158.49,101.8488707,158.48,93.57216546,158.49,101.8488707,158.48,93.57216546,158.49,101.8488707,158.48,93.57216546,158.49,101.8488707,158.48,93.57216546,158.49,101.8488707
1525402863,158.48,93.47199546,158.49,102.1488707,158.48,93.47199546,158.49,102.1488707,158.48,93.47199546,158.49,102.1488707,158.48,93.47199546,158.49,102.1488707,158.48,93.47199546,158.49,102.1488707
1525402864,158.48,93.47199546,158.49,101.9788707,158.48,93.47199546,158.49,101.9788707,158.48,93.47199546,158.49,101.9788707,158.48,93.47199546,158.49,101.9788707,158.48,93.47199546,158.49,101.9788707
1525402866,158.48,93.47199546,158.49,101.9788707,158.48,93.47199546,158.49,101.9788707,158.48,93.47199546,158.49,101.9788707,158.48,93.47199546,158.49,101.9788707,158.48,93.47199546,158.49,101.9788707
1525402867,158.48,143.47199546,158.49,51.4788707,158.48,143.47199546,158.49,51.4788707,158.48,143.47199546,158.49,51.4788707,158.48,143.47199546,158.49,51.4788707,158.48,143.47199546,158.49,51.4788707
1525402868,158.48,143.47144546,158.49,49.3848347,158.48,143.47144546,158.49,49.3848347,158.48,143.47144546,158.49,49.3848347,158.48,143.47144546,158.49,49.3848347,158.48,143.47144546,158.49,49.3848347
1525402869,158.48,143.47144546,158.49,49.3848347,158.48,143.47144546,158.49,49.3848347,158.48,143.47144546,158.49,49.3848347,158.48,143.47144546,158.49,49.3848347,158.48,143.47144546,158.49,49.3848347
1525402870,158.48,143.47144546,158.49,49.3848347,158.48,143.47144546,158.49,49.3848347,158.48,143.47144546,158.49,49.3848347,158.48,143.47144546,158.49,49.3848347,158.48,143.47144546,158.49,49.3848347
1525402871,158.48,143.47144546,158.49,49.3848347,158.48,143.47144546,158.49,49.3848347,158.48,143.47144546,158.49,49.3848347,158.48,143.47144546,158.49,49.3848347,158.48,143.47144546,158.49,49.3848347
1525402873,158.48,53.47144546,158.49,99.6848447,158.48,53.47144546,158.49,99.6848447,158.48,53.47144546,158.49,99.6848447,158.48,53.47144546,158.49,99.6848447,158.48,53.47144546,158.49,99.6848447
1525402874,158.48,53.47144546,158.49,99.3848447,158.48,53.47144546,158.49,99.3848447,158.48,53.47144546,158.49,99.3848447,158.48,53.47144546,158.49,99.3848447,158.48,53.47144546,158.49,99.3848447
1525402875,158.48,53.47144546,158.49,99.6848447,158.48,53.47144546,158.49,99.6848447,158.48,53.47144546,158.49,99.6848447,158.48,53.47144546,158.49,99.6848447,158.48,53.47144546,158.49,99.6848447
1525402876,158.48,53.47144546,158.49,99.6848447,158.48,53.47144546,158.49,99.6848447,158.48,53.47144546,158.49,99.6848447,158.48,53.47144546,158.49,99.6848447,158.48,53.47144546,158.49,99.6848447
1525402877,158.48,53.47144546,158.49,99.6848447,158.48,53.47144546,158.49,99.6848447,158.48,53.47144546,158.49,99.6848447,158.48,53.47144546,158.49,99.6848447,158.48,53.47144546,158.49,99.6848447
1525402879,158.48,53.47144546,158.49,98.6984447,158.48,53.47144546,158.49,98.6984447,158.48,53.47144546,158.49,98.6984447,158.48,53.47144546,158.49,98.6984447,158.48,53.47144546,158.49,98.6984447
1525402880,158.48,53.47144546,158.49,98.6984447,158.48,53.47144546,158.49,98.6984447,158.48,53.47144546,158.49,98.6984447,158.48,53.47144546,158.49,98.6984447,158.48,53.47144546,158.49,98.6984447
1525402881,158.48,53.47144546,158.49,98.6984447,158.48,53.47144546,158.49,98.6984447,158.48,53.47144546,158.49,98.6984447,158.48,53.47144546,158.49,98.6984447,158.48,53.47144546,158.49,98.6984447
1525402882,158.48,53.47144546,158.49,98.6984447,158.48,53.47144546,158.49,98.6984447,158.48,53.47144546,158.49,98.6984447,158.48,53.47144546,158.49,98.6984447,158.48,53.47144546,158.49,98.6984447
1525402883,158.48,53.47144546,158.49,98.6984447,158.48,53.47144546,158.49,98.6984447,158.48,53.47144546,158.49,98.6984447,158.48,53.47144546,158.49,98.6984447,158.48,53.47144546,158.49,98.6984447
1525402884,158.48,53.47144546,158.49,98.6984447,158.48,53.47144546,158.49,98.6984447,158.48,53.47144546,158.49,98.6984447,158.48,53.47144546,158.49,98.6984447,158.48,53.47144546,158.49,98.6984447
1525402886,158.48,53.47144546,158.49,98.6984447,158.48,53.47144546,158.49,98.6984447,158.48,53.47144546,158.49,98.6984447,158.48,53.47144546,158.49,98.6984447,158.48,53.47144546,158.49,98.6984447
1525402887,158.48,53.47144546,158.49,98.6984447,158.48,53.47144546,158.49,98.6984447,158.48,53.47144546,158.49,98.6984447,158.48,53.47144546,158.49,98.6984447,158.48,53.47144546,158.49,98.6984447
1525402888,158.48,53.47144546,158.49,98.6984447,158.48,53.47144546,158.49,98.6984447,158.48,53.47144546,158.49,98.6984447,158.48,53.47144546,158.49,98.6984447,158.48,53.47144546,158.49,98.6984447
1525402889,158.48,53.47144546,158.49,98.6984447,158.48,53.47144546,158.49,98.6984447,158.48,53.47144546,158.49,98.6984447,158.48,53.47144546,158.49,98.6984447,158.48,53.47144546,158.49,98.6984447
1525402890,158.48,53.47144546,158.49,98.6984447,158.48,53.47144546,158.49,98.6984447,158.48,53.47144546,158.49,98.6984447,158.48,53.47144546,158.49,98.6984447,158.48,53.47144546,158.49,98.6984447
1525402891,158.48,53.47144546,158.49,98.6984447,158.48,53.47144546,158.49,98.6984447,158.48,53.47144546,158.49,98.6984447,158.48,53.47144546,158.49,98.6984447,158.48,53.47144546,158.49,98.6984447
1525402893,158.48,53.47144546,158.49,97.2020447,158.48,53.47144546,158.49,97.2020447,158.48,53.47144546,158.49,97.2020447,158.48,53.47144546,158.49,97.2020447,158.48,53.47144546,158.49,97.2020447
1525402894,158.48,53.47144546,158.49,97.0420447,158.48,53.47144546,158.49,97.0420447,158.48,53.47144546,158.49,97.0420447,158.48,53.47144546,158.49,97.0420447,158.48,53.47144546,158.49,97.0420447
1525402895,158.48,53.47144546,158.49,97.0420447,158.48,53.47144546,158.49,97.0420447,158.48,53.47144546,158.49,97.0420447,158.48,53.47144546,158.49,97.0420447,158.48,53.47144546,158.49,97.0420447
1525402896,158.48,53.47144546,158.49,94.21643924,158.48,53.47144546,158.49,94.21643924,158.48,53.47144546,158.49,94.21643924,158.48,53.47144546,158.49,94.21643924,158.48,53.47144546,158.49,94.21643924
1525402897,158.48,103.47208546,158.49,44.08643924,158.48,103.47208546,158.49,44.08643924,158.48,103.47208546,158.49,44.08643924,158.48,103.47208546,158.49,44.08643924,158.48,103.47208546,158.49,44.08643924
1525402898,158.48,103.47208546,158.49,47.65077981,158.48,103.47208546,158.49,47.65077981,158.48,103.47208546,158.49,47.65077981,158.48,103.47208546,158.49,47.65077981,158.48,103.47208546,158.49,47.65077981
1525402900,158.48,103.47208546,158.49,47.65077981,158.48,103.47208546,158.49,47.65077981,158.48,103.47208546,158.49,47.65077981,158.48,103.47208546,158.49,47.65077981,158.48,103.47208546,158.49,47.65077981
1525402901,158.48,53.47208546,158.49,97.95069981,158.48,53.47208546,158.49,97.95069981,158.48,53.47208546,158.49,97.95069981,158.48,53.47208546,158.49,97.95069981,158.48,53.47208546,158.49,97.95069981
1525402902,158.48,46.49610937,158.49,97.95069981,158.48,46.49610937,158.49,97.95069981,158.48,46.49610937,158.49,97.95069981,158.48,46.49610937,158.49,97.95069981,158.48,46.49610937,158.49,97.95069981
1525402903,158.48,46.49610937,158.49,97.95069981,158.48,46.49610937,158.49,97.95069981,158.48,46.49610937,158.49,97.95069981,158.48,46.49610937,158.49,97.95069981,158.48,46.49610937,158.49,97.95069981
1525402904,158.48,46.49610937,158.49,97.95069981,158.48,46.49610937,158.49,97.95069981,158.48,46.49610937,158.49,97.95069981,158.48,46.49610937,158.49,97.95069981,158.48,46.49610937,158.49,97.95069981
1525402906,158.48,96.49601937,158.49,46.37809981,158.48,96.49601937,158.49,46.37809981,158.48,96.49601937,158.49,46.37809981,158.48,96.49601937,158.49,46.37809981,158.48,96.49601937,158.49,46.37809981
1525402907,158.48,96.49601937,158.49,46.37809981,158.48,96.49601937,158.49,46.37809981,158.48,96.49601937,158.49,46.37809981,158.48,96.49601937,158.49,46.37809981,158.48,96.49601937,158.49,46.37809981
1525402908,158.48,46.49601937,158.49,96.67799981,158.48,46.49601937,158.49,96.67799981,158.48,46.49601937,158.49,96.67799981,158.48,46.49601937,158.49,96.67799981,158.48,46.49601937,158.49,96.67799981
1525402909,158.48,46.49601937,158.49,96.67799981,158.48,46.49601937,158.49,96.67799981,158.48,46.49601937,158.49,96.67799981,158.48,46.49601937,158.49,96.67799981,158.48,46.49601937,158.49,96.67799981
1525402910,158.48,46.49601937,158.49,96.67799981,158.48,46.49601937,158.49,96.67799981,158.48,46.49601937,158.49,96.67799981,158.48,46.49601937,158.49,96.67799981,158.48,46.49601937,158.49,96.67799981
1525402912,158.48,46.49601937,158.49,96.67799981,158.48,46.49601937,158.49,96.67799981,158.48,46.49601937,158.49,96.67799981,158.48,46.49601937,158.49,96.67799981,158.48,46.49601937,158.49,96.67799981
1525402913,158.48,46.49601937,158.49,96.67799981,158.48,46.49601937,158.49,96.67799981,158.48,46.49601937,158.49,96.67799981,158.48,46.49601937,158.49,96.67799981,158.48,46.49601937,158.49,96.67799981
1525402914,158.48,46.49601937,158.49,96.67799981,158.48,46.49601937,158.49,96.67799981,158.48,46.49601937,158.49,96.67799981,158.48,46.49601937,158.49,96.67799981,158.48,46.49601937,158.49,96.67799981
1525402915,158.48,46.49601937,158.49,96.67799981,158.48,46.49601937,158.49,96.67799981,158.48,46.49601937,158.49,96.67799981,158.48,46.49601937,158.49,96.67799981,158.48,46.49601937,158.49,96.67799981
1525402916,158.48,46.49601937,158.49,96.67799981,158.48,46.49601937,158.49,96.67799981,158.48,46.49601937,158.49,96.67799981,158.48,46.49601937,158.49,96.67799981,158.48,46.49601937,158.49,96.67799981
1525402917,158.48,46.49601937,158.49,96.54799981,158.48,46.49601937,158.49,96.54799981,158.48,46.49601937,158.49,96.54799981,158.48,46.49601937,158.49,96.54799981,158.48,46.49601937,158.49,96.54799981
1525402919,158.48,46.49601937,158.49,96.43799981,158.48,46.49601937,158.49,96.43799981,158.48,46.49601937,158.49,96.43799981,158.48,46.49601937,158.49,96.43799981,158.48,46.49601937,158.49,96.43799981
1525402920,158.48,46.49601937,158.49,96.32799981,158.48,46.49601937,158.49,96.32799981,158.48,46.49601937,158.49,96.32799981,158.48,46.49601937,158.49,96.32799981,158.48,46.49601937,158.49,96.32799981
1525402921,158.48,46.49601937,158.49,96.22799981,158.48,46.49601937,158.49,96.22799981,158.48,46.49601937,158.49,96.22799981,158.48,46.49601937,158.49,96.22799981,158.48,46.49601937,158.49,96.22799981
1525402922,158.48,46.49601937,158.49,96.12799981,158.48,46.49601937,158.49,96.12799981,158.48,46.49601937,158.49,96.12799981,158.48,46.49601937,158.49,96.12799981,158.48,46.49601937,158.49,96.12799981
1525402923,158.48,39.20072407,158.49,96.12799981,158.48,39.20072407,158.49,96.12799981,158.48,39.20072407,158.49,96.12799981,158.48,39.20072407,158.49,96.12799981,158.48,39.20072407,158.49,96.12799981
1525402924,158.48,39.20072407,158.49,96.12799981,158.48,39.20072407,158.49,96.12799981,158.48,39.20072407,158.49,96.12799981,158.48,39.20072407,158.49,96.12799981,158.48,39.20072407,158.49,96.12799981
1525402926,158.48,39.20072407,158.49,96.12799981,158.48,39.20072407,158.49,96.12799981,158.48,39.20072407,158.49,96.12799981,158.48,39.20072407,158.49,96.12799981,158.48,39.20072407,158.49,96.12799981
1525402927,158.48,39.20072407,158.49,96.17799981,158.48,39.20072407,158.49,96.17799981,158.48,39.20072407,158.49,96.17799981,158.48,39.20072407,158.49,96.17799981,158.48,39.20072407,158.49,96.17799981
1525402928,158.48,79.20072407,158.49,61.50210882,158.48,79.20072407,158.49,61.50210882,158.48,79.20072407,158.49,61.50210882,158.48,79.20072407,158.49,61.50210882,158.48,79.20072407,158.49,61.50210882
1525402929,158.48,241.80091407,158.49,11.63210882,158.48,241.80091407,158.49,11.63210882,158.48,241.80091407,158.49,11.63210882,158.48,241.80091407,158.49,11.63210882,158.48,241.80091407,158.49,11.63210882
1525402932,158.48,241.70030407,158.49,11.63210882,158.48,241.70030407,158.49,11.63210882,158.48,241.70030407,158.49,11.63210882,158.48,241.70030407,158.49,11.63210882,158.48,241.70030407,158.49,11.63210882
1525402933,158.48,131.70030407,158.49,11.61210882,158.48,131.70030407,158.49,11.61210882,158.48,131.70030407,158.49,11.61210882,158.48,131.70030407,158.49,11.61210882,158.48,131.70030407,158.49,11.61210882
1525402934,158.48,131.70030407,158.49,11.33210882,158.48,131.70030407,158.49,11.33210882,158.48,131.70030407,158.49,11.33210882,158.48,131.70030407,158.49,11.33210882,158.48,131.70030407,158.49,11.33210882
1525402935,158.48,131.70030407,158.49,11.07210882,158.48,131.70030407,158.49,11.07210882,158.48,131.70030407,158.49,11.07210882,158.48,131.70030407,158.49,11.07210882,158.48,131.70030407,158.49,11.07210882
1525402936,158.48,131.70030407,158.49,11.61210882,158.48,131.70030407,158.49,11.61210882,158.48,131.70030407,158.49,11.61210882,158.48,131.70030407,158.49,11.61210882,158.48,131.70030407,158.49,11.61210882
1525402937,158.48,131.70030407,158.49,11.37210882,158.48,131.70030407,158.49,11.37210882,158.48,131.70030407,158.49,11.37210882,158.48,131.70030407,158.49,11.37210882,158.48,131.70030407,158.49,11.37210882
1525402939,158.48,91.70030407,158.49,11.37210882,158.48,91.70030407,158.49,11.37210882,158.48,91.70030407,158.49,11.37210882,158.48,91.70030407,158.49,11.37210882,158.48,91.70030407,158.49,11.37210882
1525402940,158.48,131.70030407,158.49,11.37210882,158.48,131.70030407,158.49,11.37210882,158.48,131.70030407,158.49,11.37210882,158.48,131.70030407,158.49,11.37210882,158.48,131.70030407,158.49,11.37210882
1525402941,158.48,131.70049407,158.49,11.37210882,158.48,131.70049407,158.49,11.37210882,158.48,131.70049407,158.49,11.37210882,158.48,131.70049407,158.49,11.37210882,158.48,131.70049407,158.49,11.37210882
1525402942,158.48,131.70049407,158.49,11.62210882,158.48,131.70049407,158.49,11.62210882,158.48,131.70049407,158.49,11.62210882,158.48,131.70049407,158.49,11.62210882,158.48,131.70049407,158.49,11.62210882
1525402943,158.48,131.70049407,158.49,11.62210882,158.48,131.70049407,158.49,11.62210882,158.48,131.70049407,158.49,11.62210882,158.48,131.70049407,158.49,11.62210882,158.48,131.70049407,158.49,11.62210882
1525402945,158.48,131.70049407,158.49,11.62210882,158.48,131.70049407,158.49,11.62210882,158.48,131.70049407,158.49,11.62210882,158.48,131.70049407,158.49,11.62210882,158.48,131.70049407,158.49,11.62210882
1525402946,158.48,131.70049407,158.49,11.62210882,158.48,131.70049407,158.49,11.62210882,158.48,131.70049407,158.49,11.62210882,158.48,131.70049407,158.49,11.62210882,158.48,131.70049407,158.49,11.62210882
1525402947,158.48,131.70049407,158.49,11.62210882,158.48,131.70049407,158.49,11.62210882,158.48,131.70049407,158.49,11.62210882,158.48,131.70049407,158.49,11.62210882,158.48,131.70049407,158.49,11.62210882
1525402948,158.48,131.70049407,158.49,11.62210882,158.48,131.70049407,158.49,11.62210882,158.48,131.70049407,158.49,11.62210882,158.48,131.70049407,158.49,11.62210882,158.48,131.70049407,158.49,11.62210882
1525402950,158.48,131.70049407,158.49,11.62210882,158.48,131.70049407,158.49,11.62210882,158.48,131.70049407,158.49,11.62210882,158.48,131.70049407,158.49,11.62210882,158.48,131.70049407,158.49,11.62210882
1525402952,158.49,124.528301,158.5,0.89924882,158.49,124.528301,158.5,0.89924882,158.49,124.528301,158.5,0.89924882,158.49,124.528301,158.5,0.89924882,158.49,124.528301,158.5,0.89924882
1525402953,158.49,214.528301,158.5,0.89924882,158.49,214.528301,158.5,0.89924882,158.49,214.528301,158.5,0.89924882,158.49,214.528301,158.5,0.89924882,158.49,214.528301,158.5,0.89924882
1525402954,158.49,214.528301,158.5,0.89924882,158.49,214.528301,158.5,0.89924882,158.49,214.528301,158.5,0.89924882,158.49,214.528301,158.5,0.89924882,158.49,214.528301,158.5,0.89924882
1525402955,158.49,214.528301,158.5,0.89924882,158.49,214.528301,158.5,0.89924882,158.49,214.528301,158.5,0.89924882,158.49,214.528301,158.5,0.89924882,158.49,214.528301,158.5,0.89924882
1525402956,158.49,214.528301,158.5,0.89924882,158.49,214.528301,158.5,0.89924882,158.49,214.528301,158.5,0.89924882,158.49,214.528301,158.5,0.89924882,158.49,214.528301,158.5,0.89924882
1525402958,158.49,214.528301,158.5,0.89924882,158.49,214.528301,158.5,0.89924882,158.49,214.528301,158.5,0.89924882,158.49,214.528301,158.5,0.89924882,158.49,214.528301,158.5,0.89924882
1525402959,158.49,214.528301,158.5,0.69924882,158.49,214.528301,158.5,0.69924882,158.49,214.528301,158.5,0.69924882,158.49,214.528301,158.5,0.69924882,158.49,214.528301,158.5,0.69924882
1525402960,158.49,214.528301,158.5,0.69924882,158.49,214.528301,158.5,0.69924882,158.49,214.528301,158.5,0.69924882,158.49,214.528301,158.5,0.69924882,158.49,214.528301,158.5,0.69924882
1525402961,158.49,214.628301,158.5,0.69924882,158.49,214.628301,158.5,0.69924882,158.49,214.628301,158.5,0.69924882,158.49,214.628301,158.5,0.69924882,158.49,214.628301,158.5,0.69924882
1525402962,158.49,214.628301,158.5,0.25754882,158.49,214.628301,158.5,0.25754882,158.49,214.628301,158.5,0.25754882,158.49,214.628301,158.5,0.25754882,158.49,214.628301,158.5,0.25754882
1525402964,158.59,98.2829,158.6,7.32,158.59,98.2829,158.6,7.32,158.59,98.2829,158.6,7.32,158.59,98.2829,158.6,7.32,158.59,98.2829,158.6,7.32
1525402965,158.59,100.7829,158.6,7.42029,158.59,100.7829,158.6,7.42029,158.59,100.7829,158.6,7.42029,158.59,100.7829,158.6,7.42029,158.59,100.7829,158.6,7.42029
1525402966,158.59,100.7829,158.6,7.42029,158.59,100.7829,158.6,7.42029,158.59,100.7829,158.6,7.42029,158.59,100.7829,158.6,7.42029,158.59,100.7829,158.6,7.42029
1525402967,158.59,98.2829,158.6,8.17296351,158.59,98.2829,158.6,8.17296351,158.59,98.2829,158.6,8.17296351,158.59,98.2829,158.6,8.17296351,158.59,98.2829,158.6,8.17296351
1525402968,158.59,17.2349,158.6,58.37324351,158.59,17.2349,158.6,58.37324351,158.59,17.2349,158.6,58.37324351,158.59,17.2349,158.6,58.37324351,158.59,17.2349,158.6,58.37324351
1525402970,158.59,17.2349,158.6,58.59324351,158.59,17.2349,158.6,58.59324351,158.59,17.2349,158.6,58.59324351,158.59,17.2349,158.6,58.59324351,158.59,17.2349,158.6,58.59324351
1525402971,158.51,44,158.52,50.2,158.51,44,158.52,50.2,158.51,44,158.52,50.2,158.51,44,158.52,50.2,158.51,44,158.52,50.2
1525402972,158.51,4,158.52,50.47,158.51,4,158.52,50.47,158.51,4,158.52,50.47,158.51,4,158.52,50.47,158.51,4,158.52,50.47
1525402973,158.51,4,158.52,50.33,158.51,4,158.52,50.33,158.51,4,158.52,50.33,158.51,4,158.52,50.33,158.51,4,158.52,50.33
1525402974,158.51,4,158.52,48.6729,158.51,4,158.52,48.6729,158.51,4,158.52,48.6729,158.51,4,158.52,48.6729,158.51,4,158.52,48.6729
1525402976,158.51,32.952,158.52,48.6729,158.51,32.952,158.52,48.6729,158.51,32.952,158.52,48.6729,158.51,32.952,158.52,48.6729,158.51,32.952,158.52,48.6729
1525402977,158.51,4,158.52,48.6729,158.51,4,158.52,48.6729,158.51,4,158.52,48.6729,158.51,4,158.52,48.6729,158.51,4,158.52,48.6729
1525402978,158.51,4,158.52,48.6729,158.51,4,158.52,48.6729,158.51,4,158.52,48.6729,158.51,4,158.52,48.6729,158.51,4,158.52,48.6729
1525402979,158.5,6.12550918,158.51,50,158.5,6.12550918,158.51,50,158.5,6.12550918,158.51,50,158.5,6.12550918,158.51,50,158.5,6.12550918,158.51,50
1525402980,158.5,6.12550918,158.51,50,158.5,6.12550918,158.51,50,158.5,6.12550918,158.51,50,158.5,6.12550918,158.51,50,158.5,6.12550918,158.51,50
1525402981,158.5,6.12550918,158.51,50,158.5,6.12550918,158.51,50,158.5,6.12550918,158.51,50,158.5,6.12550918,158.51,50,158.5,6.12550918,158.51,50
1525402983,158.5,0.10057,158.51,90.2,158.5,0.10057,158.51,90.2,158.5,0.10057,158.51,90.2,158.5,0.10057,158.51,90.2,158.5,0.10057,158.51,90.2
1525402984,158.5,0.21057,158.51,149.7,158.5,0.21057,158.51,149.7,158.5,0.21057,158.51,149.7,158.5,0.21057,158.51,149.7,158.5,0.21057,158.51,149.7
1525402985,158.5,0.21057,158.51,149.7,158.5,0.21057,158.51,149.7,158.5,0.21057,158.51,149.7,158.5,0.21057,158.51,149.7,158.5,0.21057,158.51,149.7
1525402986,158.5,0.21057,158.51,149.0475,158.5,0.21057,158.51,149.0475,158.5,0.21057,158.51,149.0475,158.5,0.21057,158.51,149.0475,158.5,0.21057,158.51,149.0475
1525402987,158.5,0.21057,158.51,179.0475,158.5,0.21057,158.51,179.0475,158.5,0.21057,158.51,179.0475,158.5,0.21057,158.51,179.0475,158.5,0.21057,158.51,179.0475
1525402989,158.5,0.21057,158.51,49.0475,158.5,0.21057,158.51,49.0475,158.5,0.21057,158.51,49.0475,158.5,0.21057,158.51,49.0475,158.5,0.21057,158.51,49.0475
1525402990,158.5,0.21057,158.51,79.2483,158.5,0.21057,158.51,79.2483,158.5,0.21057,158.51,79.2483,158.5,0.21057,158.51,79.2483,158.5,0.21057,158.51,79.2483
1525402991,158.5,0.60151518,158.51,49.14767,158.5,0.60151518,158.51,49.14767,158.5,0.60151518,158.51,49.14767,158.5,0.60151518,158.51,49.14767,158.5,0.60151518,158.51,49.14767
1525402992,158.5,0.60151518,158.51,49.14767,158.5,0.60151518,158.51,49.14767,158.5,0.60151518,158.51,49.14767,158.5,0.60151518,158.51,49.14767,158.5,0.60151518,158.51,49.14767
1525402993,158.5,0.60151518,158.51,49.14767,158.5,0.60151518,158.51,49.14767,158.5,0.60151518,158.51,49.14767,158.5,0.60151518,158.51,49.14767,158.5,0.60151518,158.51,49.14767
1525402995,158.5,0.60151518,158.51,49.14767,158.5,0.60151518,158.51,49.14767,158.5,0.60151518,158.51,49.14767,158.5,0.60151518,158.51,49.14767,158.5,0.60151518,158.51,49.14767
1525402996,158.5,0.60151518,158.51,49.03589883,158.5,0.60151518,158.51,49.03589883,158.5,0.60151518,158.51,49.03589883,158.5,0.60151518,158.51,49.03589883,158.5,0.60151518,158.51,49.03589883
1525402997,158.5,0.60151518,158.51,49.03589883,158.5,0.60151518,158.51,49.03589883,158.5,0.60151518,158.51,49.03589883,158.5,0.60151518,158.51,49.03589883,158.5,0.60151518,158.51,49.03589883
1525402998,158.5,0.60151518,158.51,49.31589883,158.5,0.60151518,158.51,49.31589883,158.5,0.60151518,158.51,49.31589883,158.5,0.60151518,158.51,49.31589883,158.5,0.60151518,158.51,49.31589883
1525402999,158.5,49.55379518,158.51,50.20014,158.5,49.55379518,158.51,50.20014,158.5,49.55379518,158.51,50.20014,158.5,49.55379518,158.51,50.20014,158.5,49.55379518,158.51,50.20014
1525403000,158.5,9.55379518,158.51,63.09317134,158.5,9.55379518,158.51,63.09317134,158.5,9.55379518,158.51,63.09317134,158.5,9.55379518,158.51,63.09317134,158.5,9.55379518,158.51,63.09317134
1525403002,158.5,9.55379518,158.51,63.09317134,158.5,9.55379518,158.51,63.09317134,158.5,9.55379518,158.51,63.09317134,158.5,9.55379518,158.51,63.09317134,158.5,9.55379518,158.51,63.09317134
1525403003,158.5,9.55379518,158.51,63.09317134,158.5,9.55379518,158.51,63.09317134,158.5,9.55379518,158.51,63.09317134,158.5,9.55379518,158.51,63.09317134,158.5,9.55379518,158.51,63.09317134
1525403004,158.5,9.55379518,158.51,63.29317134,158.5,9.55379518,158.51,63.29317134,158.5,9.55379518,158.51,63.29317134,158.5,9.55379518,158.51,63.29317134,158.5,9.55379518,158.51,63.29317134
1525403005,158.5,9.55379518,158.51,63.29317134,158.5,9.55379518,158.51,63.29317134,158.5,9.55379518,158.51,63.29317134,158.5,9.55379518,158.51,63.29317134,158.5,9.55379518,158.51,63.29317134
1525403006,158.5,9.55379518,158.51,63.29317134,158.5,9.55379518,158.51,63.29317134,158.5,9.55379518,158.51,63.29317134,158.5,9.55379518,158.51,63.29317134,158.5,9.55379518,158.51,63.29317134
1525403008,158.5,9.55379518,158.51,63.29317134,158.5,9.55379518,158.51,63.29317134,158.5,9.55379518,158.51,63.29317134,158.5,9.55379518,158.51,63.29317134,158.5,9.55379518,158.51,63.29317134
1525403009,158.5,9.55379518,158.51,63.29317134,158.5,9.55379518,158.51,63.29317134,158.5,9.55379518,158.51,63.29317134,158.5,9.55379518,158.51,63.29317134,158.5,9.55379518,158.51,63.29317134
1525403010,158.5,9.55379518,158.51,63.52347134,158.5,9.55379518,158.51,63.52347134,158.5,9.55379518,158.51,63.52347134,158.5,9.55379518,158.51,63.52347134,158.5,9.55379518,158.51,63.52347134
1525403011,158.5,79.55379518,158.51,62.57987134,158.5,79.55379518,158.51,62.57987134,158.5,79.55379518,158.51,62.57987134,158.5,79.55379518,158.51,62.57987134,158.5,79.55379518,158.51,62.57987134
1525403012,158.5,79.16285,158.51,62.44987134,158.5,79.16285,158.51,62.44987134,158.5,79.16285,158.51,62.44987134,158.5,79.16285,158.51,62.44987134,158.5,79.16285,158.51,62.44987134
1525403014,158.5,79.1625,158.51,62.59987134,158.5,79.1625,158.51,62.59987134,158.5,79.1625,158.51,62.59987134,158.5,79.1625,158.51,62.59987134,158.5,79.1625,158.51,62.59987134
1525403015,158.5,79.1625,158.51,62.59987134,158.5,79.1625,158.51,62.59987134,158.5,79.1625,158.51,62.59987134,158.5,79.1625,158.51,62.59987134,158.5,79.1625,158.51,62.59987134
1525403016,158.5,49.362501,158.51,62.19987134,158.5,49.362501,158.51,62.19987134,158.5,49.362501,158.51,62.19987134,158.5,49.362501,158.51,62.19987134,158.5,49.362501,158.51,62.19987134
1525403017,158.5,49.362501,158.51,62.59987134,158.5,49.362501,158.51,62.59987134,158.5,49.362501,158.51,62.59987134,158.5,49.362501,158.51,62.59987134,158.5,49.362501,158.51,62.59987134
1525403018,158.5,219.463851,158.51,13.39347134,158.5,219.463851,158.51,13.39347134,158.5,219.463851,158.51,13.39347134,158.5,219.463851,158.51,13.39347134,158.5,219.463851,158.51,13.39347134
1525403019,158.5,311.862031,158.51,13.39347134,158.5,311.862031,158.51,13.39347134,158.5,311.862031,158.51,13.39347134,158.5,311.862031,158.51,13.39347134,158.5,311.862031,158.51,13.39347134
1525403021,158.5,312.25319618,158.51,13.39347134,158.5,312.25319618,158.51,13.39347134,158.5,312.25319618,158.51,13.39347134,158.5,312.25319618,158.51,13.39347134,158.5,312.25319618,158.51,13.39347134
1525403022,158.5,219.75319618,158.51,25.24407134,158.5,219.75319618,158.51,25.24407134,158.5,219.75319618,158.51,25.24407134,158.5,219.75319618,158.51,25.24407134,158.5,219.75319618,158.51,25.24407134
1525403023,158.5,217.79249618,158.51,25.09407134,158.5,217.79249618,158.51,25.09407134,158.5,217.79249618,158.51,25.09407134,158.5,217.79249618,158.51,25.09407134,158.5,217.79249618,158.51,25.09407134
1525403024,158.5,217.79249618,158.51,25.09407134,158.5,217.79249618,158.51,25.09407134,158.5,217.79249618,158.51,25.09407134,158.5,217.79249618,158.51,25.09407134,158.5,217.79249618,158.51,25.09407134
1525403025,158.5,217.79249618,158.51,25.09407134,158.5,217.79249618,158.51,25.09407134,158.5,217.79249618,158.51,25.09407134,158.5,217.79249618,158.51,25.09407134,158.5,217.79249618,158.51,25.09407134
1525403026,158.5,147.79249618,158.51,75.19345134,158.5,147.79249618,158.51,75.19345134,158.5,147.79249618,158.51,75.19345134,158.5,147.79249618,158.51,75.19345134,158.5,147.79249618,158.51,75.19345134
1525403028,158.5,107.79249618,158.51,75.29409134,158.5,107.79249618,158.51,75.29409134,158.5,107.79249618,158.51,75.29409134,158.5,107.79249618,158.51,75.29409134,158.5,107.79249618,158.51,75.29409134
1525403029,158.5,100.49119518,158.51,76.64516576,158.5,100.49119518,158.51,76.64516576,158.5,100.49119518,158.51,76.64516576,158.5,100.49119518,158.51,76.64516576,158.5,100.49119518,158.51,76.64516576
1525403030,158.5,100.49119518,158.51,76.64516576,158.5,100.49119518,158.51,76.64516576,158.5,100.49119518,158.51,76.64516576,158.5,100.49119518,158.51,76.64516576,158.5,100.49119518,158.51,76.64516576
1525403031,158.5,150.49129518,158.51,26.64516576,158.5,150.49129518,158.51,26.64516576,158.5,150.49129518,158.51,26.64516576,158.5,150.49129518,158.51,26.64516576,158.5,150.49129518,158.51,26.64516576
1525403032,158.5,150.49129518,158.51,26.64516576,158.5,150.49129518,158.51,26.64516576,158.5,150.49129518,158.51,26.64516576,158.5,150.49129518,158.51,26.64516576,158.5,150.49129518,158.51,26.64516576
1525403034,158.5,190.49129518,158.51,26.64516576,158.5,190.49129518,158.51,26.64516576,158.5,190.49129518,158.51,26.64516576,158.5,190.49129518,158.51,26.64516576,158.5,190.49129518,158.51,26.64516576
1525403036,158.5,140.69114618,158.51,67.90034576,158.5,140.69114618,158.51,67.90034576,158.5,140.69114618,158.51,67.90034576,158.5,140.69114618,158.51,67.90034576,158.5,140.69114618,158.51,67.90034576
1525403037,158.5,190.69163618,158.51,17.90034576,158.5,190.69163618,158.51,17.90034576,158.5,190.69163618,158.51,17.90034576,158.5,190.69163618,158.51,17.90034576,158.5,190.69163618,158.51,17.90034576
1525403038,158.5,190.69163618,158.51,17.90034576,158.5,190.69163618,158.51,17.90034576,158.5,190.69163618,158.51,17.90034576,158.5,190.69163618,158.51,17.90034576,158.5,190.69163618,158.51,17.90034576
1525403040,158.5,190.69163618,158.51,17.90034576,158.5,190.69163618,158.51,17.90034576,158.5,190.69163618,158.51,17.90034576,158.5,190.69163618,158.51,17.90034576,158.5,190.69163618,158.51,17.90034576
1525403041,158.5,140.49163518,158.51,67.99977576,158.5,140.49163518,158.51,67.99977576,158.5,140.49163518,158.51,67.99977576,158.5,140.49163518,158.51,67.99977576,158.5,140.49163518,158.51,67.99977576
1525403042,158.5,100.49163518,158.51,67.99977576,158.5,100.49163518,158.51,67.99977576,158.5,100.49163518,158.51,67.99977576,158.5,100.49163518,158.51,67.99977576,158.5,100.49163518,158.51,67.99977576
1525403043,158.5,100.49163518,158.51,67.99977576,158.5,100.49163518,158.51,67.99977576,158.5,100.49163518,158.51,67.99977576,158.5,100.49163518,158.51,67.99977576,158.5,100.49163518,158.51,67.99977576
1525403045,158.5,100.49163518,158.51,67.99977576,158.5,100.49163518,158.51,67.99977576,158.5,100.49163518,158.51,67.99977576,158.5,100.49163518,158.51,67.99977576,158.5,100.49163518,158.51,67.99977576
1525403046,158.5,100.49163518,158.51,67.89977576,158.5,100.49163518,158.51,67.89977576,158.5,100.49163518,158.51,67.89977576,158.5,100.49163518,158.51,67.89977576,158.5,100.49163518,158.51,67.89977576
1525403047,158.5,100.49163518,158.51,67.99977576,158.5,100.49163518,158.51,67.99977576,158.5,100.49163518,158.51,67.99977576,158.5,100.49163518,158.51,67.99977576,158.5,100.49163518,158.51,67.99977576
1525403048,158.5,100.49163518,158.51,67.99977576,158.5,100.49163518,158.51,67.99977576,158.5,100.49163518,158.51,67.99977576,158.5,100.49163518,158.51,67.99977576,158.5,100.49163518,158.51,67.99977576
1525403049,158.5,100.49163518,158.51,68.20977576,158.5,100.49163518,158.51,68.20977576,158.5,100.49163518,158.51,68.20977576,158.5,100.49163518,158.51,68.20977576,158.5,100.49163518,158.51,68.20977576
1525403050,158.5,100.49163518,158.51,68.10977576,158.5,100.49163518,158.51,68.10977576,158.5,100.49163518,158.51,68.10977576,158.5,100.49163518,158.51,68.10977576,158.5,100.49163518,158.51,68.10977576
1525403052,158.5,100.49163518,158.51,68.10977576,158.5,100.49163518,158.51,68.10977576,158.5,100.49163518,158.51,68.10977576,158.5,100.49163518,158.51,68.10977576,158.5,100.49163518,158.51,68.10977576
1525403053,158.5,100.49163518,158.51,68.21977576,158.5,100.49163518,158.51,68.21977576,158.5,100.49163518,158.51,68.21977576,158.5,100.49163518,158.51,68.21977576,158.5,100.49163518,158.51,68.21977576
1525403054,158.5,100.49163518,158.51,68.21977576,158.5,100.49163518,158.51,68.21977576,158.5,100.49163518,158.51,68.21977576,158.5,100.49163518,158.51,68.21977576,158.5,100.49163518,158.51,68.21977576
1525403055,158.5,118.09194518,158.51,68.21977576,158.5,118.09194518,158.51,68.21977576,158.5,118.09194518,158.51,68.21977576,158.5,118.09194518,158.51,68.21977576,158.5,118.09194518,158.51,68.21977576
1525403056,158.5,100.49194518,158.51,68.21977576,158.5,100.49194518,158.51,68.21977576,158.5,100.49194518,158.51,68.21977576,158.5,100.49194518,158.51,68.21977576,158.5,100.49194518,158.51,68.21977576
1525403058,158.5,91.92334518,158.51,67.89977576,158.5,91.92334518,158.51,67.89977576,158.5,91.92334518,158.51,67.89977576,158.5,91.92334518,158.51,67.89977576,158.5,91.92334518,158.51,67.89977576
1525403059,158.5,91.92334518,158.51,68.22977576,158.5,91.92334518,158.51,68.22977576,158.5,91.92334518,158.51,68.22977576,158.5,91.92334518,158.51,68.22977576,158.5,91.92334518,158.51,68.22977576
1525403060,158.5,91.92334518,158.51,68.22977576,158.5,91.92334518,158.51,68.22977576,158.5,91.92334518,158.51,68.22977576,158.5,91.92334518,158.51,68.22977576,158.5,91.92334518,158.51,68.22977576
1525403061,158.5,91.92334518,158.51,67.89977576,158.5,91.92334518,158.51,67.89977576,158.5,91.92334518,158.51,67.89977576,158.5,91.92334518,158.51,67.89977576,158.5,91.92334518,158.51,67.89977576
1525403063,158.5,91.92334518,158.51,67.89977576,158.5,91.92334518,158.51,67.89977576,158.5,91.92334518,158.51,67.89977576,158.5,91.92334518,158.51,67.89977576,158.5,91.92334518,158.51,67.89977576
1525403064,158.5,91.92334518,158.51,67.89977576,158.5,91.92334518,158.51,67.89977576,158.5,91.92334518,158.51,67.89977576,158.5,91.92334518,158.51,67.89977576,158.5,91.92334518,158.51,67.89977576
1525403065,158.5,91.92334518,158.51,68.09977576,158.5,91.92334518,158.51,68.09977576,158.5,91.92334518,158.51,68.09977576,158.5,91.92334518,158.51,68.09977576,158.5,91.92334518,158.51,68.09977576
1525403066,158.5,91.92334518,158.51,68.09977576,158.5,91.92334518,158.51,68.09977576,158.5,91.92334518,158.51,68.09977576,158.5,91.92334518,158.51,68.09977576,158.5,91.92334518,158.51,68.09977576
1525403068,158.5,91.92334518,158.51,68.09977576,158.5,91.92334518,158.51,68.09977576,158.5,91.92334518,158.51,68.09977576,158.5,91.92334518,158.51,68.09977576,158.5,91.92334518,158.51,68.09977576
1525403069,158.5,91.92334518,158.51,68.09977576,158.5,91.92334518,158.51,68.09977576,158.5,91.92334518,158.51,68.09977576,158.5,91.92334518,158.51,68.09977576,158.5,91.92334518,158.51,68.09977576
1525403070,158.5,87.72504518,158.51,68.19977576,158.5,87.72504518,158.51,68.19977576,158.5,87.72504518,158.51,68.19977576,158.5,87.72504518,158.51,68.19977576,158.5,87.72504518,158.51,68.19977576
1525403071,158.5,87.72504518,158.51,68.12977576,158.5,87.72504518,158.51,68.12977576,158.5,87.72504518,158.51,68.12977576,158.5,87.72504518,158.51,68.12977576,158.5,87.72504518,158.51,68.12977576
1525403072,158.5,87.72504518,158.51,68.12977576,158.5,87.72504518,158.51,68.12977576,158.5,87.72504518,158.51,68.12977576,158.5,87.72504518,158.51,68.12977576,158.5,87.72504518,158.51,68.12977576
1525403073,158.5,87.72504518,158.51,68.12977576,158.5,87.72504518,158.51,68.12977576,158.5,87.72504518,158.51,68.12977576,158.5,87.72504518,158.51,68.12977576,158.5,87.72504518,158.51,68.12977576
1525403075,158.5,87.72504518,158.51,67.89977576,158.5,87.72504518,158.51,67.89977576,158.5,87.72504518,158.51,67.89977576,158.5,87.72504518,158.51,67.89977576,158.5,87.72504518,158.51,67.89977576
1525403076,158.5,87.72504518,158.51,68.17977576,158.5,87.72504518,158.51,68.17977576,158.5,87.72504518,158.51,68.17977576,158.5,87.72504518,158.51,68.17977576,158.5,87.72504518,158.51,68.17977576
1525403077,158.5,87.72504518,158.51,67.89977576,158.5,87.72504518,158.51,67.89977576,158.5,87.72504518,158.51,67.89977576,158.5,87.72504518,158.51,67.89977576,158.5,87.72504518,158.51,67.89977576
1525403080,158.5,87.72504518,158.51,68.17977576,158.5,87.72504518,158.51,68.17977576,158.5,87.72504518,158.51,68.17977576,158.5,87.72504518,158.51,68.17977576,158.5,87.72504518,158.51,68.17977576
1525403081,158.5,85.24394518,158.51,68.17977576,158.5,85.24394518,158.51,68.17977576,158.5,85.24394518,158.51,68.17977576,158.5,85.24394518,158.51,68.17977576,158.5,85.24394518,158.51,68.17977576
1525403082,158.5,85.24394518,158.51,68.17977576,158.5,85.24394518,158.51,68.17977576,158.5,85.24394518,158.51,68.17977576,158.5,85.24394518,158.51,68.17977576,158.5,85.24394518,158.51,68.17977576
1525403083,158.5,85.24394518,158.51,68.17977576,158.5,85.24394518,158.51,68.17977576,158.5,85.24394518,158.51,68.17977576,158.5,85.24394518,158.51,68.17977576,158.5,85.24394518,158.51,68.17977576
1525403084,158.5,85.24394518,158.51,66.72842134,158.5,85.24394518,158.51,66.72842134,158.5,85.24394518,158.51,66.72842134,158.5,85.24394518,158.51,66.72842134,158.5,85.24394518,158.51,66.72842134
1525403085,158.5,85.24394518,158.51,66.68842134,158.5,85.24394518,158.51,66.68842134,158.5,85.24394518,158.51,66.68842134,158.5,85.24394518,158.51,66.68842134,158.5,85.24394518,158.51,66.68842134
1525403087,158.5,85.24394518,158.51,68.71226329,158.5,85.24394518,158.51,68.71226329,158.5,85.24394518,158.51,68.71226329,158.5,85.24394518,158.51,68.71226329,158.5,85.24394518,158.51,68.71226329
1525403088,158.5,85.24394518,158.51,68.71226329,158.5,85.24394518,158.51,68.71226329,158.5,85.24394518,158.51,68.71226329,158.5,85.24394518,158.51,68.71226329,158.5,85.24394518,158.51,68.71226329
1525403089,158.5,85.24394518,158.51,68.71226329,158.5,85.24394518,158.51,68.71226329,158.5,85.24394518,158.51,68.71226329,158.5,85.24394518,158.51,68.71226329,158.5,85.24394518,158.51,68.71226329
1525403090,158.5,85.24394518,158.51,68.61226329,158.5,85.24394518,158.51,68.61226329,158.5,85.24394518,158.51,68.61226329,158.5,85.24394518,158.51,68.61226329,158.5,85.24394518,158.51,68.61226329
1525403091,158.5,71.84224518,158.51,111.51026329,158.5,71.84224518,158.51,111.51026329,158.5,71.84224518,158.51,111.51026329,158.5,71.84224518,158.51,111.51026329,158.5,71.84224518,158.51,111.51026329
1525403092,158.5,71.84224518,158.51,111.61043329,158.5,71.84224518,158.51,111.61043329,158.5,71.84224518,158.51,111.61043329,158.5,71.84224518,158.51,111.61043329,158.5,71.84224518,158.51,111.61043329
1525403094,158.5,71.84224518,158.51,111.61043329,158.5,71.84224518,158.51,111.61043329,158.5,71.84224518,158.51,111.61043329,158.5,71.84224518,158.51,111.61043329,158.5,71.84224518,158.51,111.61043329
1525403095,158.5,71.84224518,158.51,111.61043329,158.5,71.84224518,158.51,111.61043329,158.5,71.84224518,158.51,111.61043329,158.5,71.84224518,158.51,111.61043329,158.5,71.84224518,158.51,111.61043329
1525403096,158.5,71.84224518,158.51,111.61043329,158.5,71.84224518,158.51,111.61043329,158.5,71.84224518,158.51,111.61043329,158.5,71.84224518,158.51,111.61043329,158.5,71.84224518,158.51,111.61043329
1525403097,158.5,71.84224518,158.51,111.61043329,158.5,71.84224518,158.51,111.61043329,158.5,71.84224518,158.51,111.61043329,158.5,71.84224518,158.51,111.61043329,158.5,71.84224518,158.51,111.61043329
1525403098,158.5,71.84224518,158.51,111.61043329,158.5,71.84224518,158.51,111.61043329,158.5,71.84224518,158.51,111.61043329,158.5,71.84224518,158.51,111.61043329,158.5,71.84224518,158.51,111.61043329
1525403100,158.5,71.84224518,158.51,111.61043329,158.5,71.84224518,158.51,111.61043329,158.5,71.84224518,158.51,111.61043329,158.5,71.84224518,158.51,111.61043329,158.5,71.84224518,158.51,111.61043329
1525403101,158.5,71.84224518,158.51,111.61043329,158.5,71.84224518,158.51,111.61043329,158.5,71.84224518,158.51,111.61043329,158.5,71.84224518,158.51,111.61043329,158.5,71.84224518,158.51,111.61043329
1525403102,158.5,71.84224518,158.51,111.61043329,158.5,71.84224518,158.51,111.61043329,158.5,71.84224518,158.51,111.61043329,158.5,71.84224518,158.51,111.61043329,158.5,71.84224518,158.51,111.61043329
1525403103,158.5,71.84224518,158.51,108.61033329,158.5,71.84224518,158.51,108.61033329,158.5,71.84224518,158.51,108.61033329,158.5,71.84224518,158.51,108.61033329,158.5,71.84224518,158.51,108.61033329
1525403104,158.5,111.84224518,158.51,65.81233329,158.5,111.84224518,158.51,65.81233329,158.5,111.84224518,158.51,65.81233329,158.5,111.84224518,158.51,65.81233329,158.5,111.84224518,158.51,65.81233329
1525403106,158.5,111.84176518,158.51,65.81233329,158.5,111.84176518,158.51,65.81233329,158.5,111.84176518,158.51,65.81233329,158.5,111.84176518,158.51,65.81233329,158.5,111.84176518,158.51,65.81233329
1525403107,158.5,111.84176518,158.51,65.81233329,158.5,111.84176518,158.51,65.81233329,158.5,111.84176518,158.51,65.81233329,158.5,111.84176518,158.51,65.81233329,158.5,111.84176518,158.51,65.81233329
1525403108,158.5,111.84176518,158.51,65.81233329,158.5,111.84176518,158.51,65.81233329,158.5,111.84176518,158.51,65.81233329,158.5,111.84176518,158.51,65.81233329,158.5,111.84176518,158.51,65.81233329
1525403109,158.5,111.84176518,158.51,65.81233329,158.5,111.84176518,158.51,65.81233329,158.5,111.84176518,158.51,65.81233329,158.5,111.84176518,158.51,65.81233329,158.5,111.84176518,158.51,65.81233329
1525403110,158.5,111.84176518,158.51,65.81233329,158.5,111.84176518,158.51,65.81233329,158.5,111.84176518,158.51,65.81233329,158.5,111.84176518,158.51,65.81233329,158.5,111.84176518,158.51,65.81233329
1525403111,158.5,111.84176518,158.51,65.81233329,158.5,111.84176518,158.51,65.81233329,158.5,111.84176518,158.51,65.81233329,158.5,111.84176518,158.51,65.81233329,158.5,111.84176518,158.51,65.81233329
1525403113,158.5,111.84176518,158.51,65.81233329,158.5,111.84176518,158.51,65.81233329,158.5,111.84176518,158.51,65.81233329,158.5,111.84176518,158.51,65.81233329,158.5,111.84176518,158.51,65.81233329
1525403114,158.5,111.84176518,158.51,65.81233329,158.5,111.84176518,158.51,65.81233329,158.5,111.84176518,158.51,65.81233329,158.5,111.84176518,158.51,65.81233329,158.5,111.84176518,158.51,65.81233329
1525403115,158.5,111.84176518,158.51,65.81233329,158.5,111.84176518,158.51,65.81233329,158.5,111.84176518,158.51,65.81233329,158.5,111.84176518,158.51,65.81233329,158.5,111.84176518,158.51,65.81233329
1525403116,158.5,111.84176518,158.51,107.36226195,158.5,111.84176518,158.51,107.36226195,158.5,111.84176518,158.51,107.36226195,158.5,111.84176518,158.51,107.36226195,158.5,111.84176518,158.51,107.36226195
1525403117,158.5,111.84176518,158.51,107.36226195,158.5,111.84176518,158.51,107.36226195,158.5,111.84176518,158.51,107.36226195,158.5,111.84176518,158.51,107.36226195,158.5,111.84176518,158.51,107.36226195
1525403119,158.5,111.84176518,158.51,107.36216195,158.5,111.84176518,158.51,107.36216195,158.5,111.84176518,158.51,107.36216195,158.5,111.84176518,158.51,107.36216195,158.5,111.84176518,158.51,107.36216195
1525403120,158.5,111.84176518,158.51,95.36216195,158.5,111.84176518,158.51,95.36216195,158.5,111.84176518,158.51,95.36216195,158.5,111.84176518,158.51,95.36216195,158.5,111.84176518,158.51,95.36216195
1525403121,158.5,111.84176518,158.51,96.71023329,158.5,111.84176518,158.51,96.71023329,158.5,111.84176518,158.51,96.71023329,158.5,111.84176518,158.51,96.71023329,158.5,111.84176518,158.51,96.71023329
1525403122,158.5,111.84176518,158.51,96.71023329,158.5,111.84176518,158.51,96.71023329,158.5,111.84176518,158.51,96.71023329,158.5,111.84176518,158.51,96.71023329,158.5,111.84176518,158.51,96.71023329
1525403123,158.5,111.84176518,158.51,96.71023329,158.5,111.84176518,158.51,96.71023329,158.5,111.84176518,158.51,96.71023329,158.5,111.84176518,158.51,96.71023329,158.5,111.84176518,158.51,96.71023329
1525403126,158.5,104.42136518,158.51,53.81223329,158.5,104.42136518,158.51,53.81223329,158.5,104.42136518,158.51,53.81223329,158.5,104.42136518,158.51,53.81223329,158.5,104.42136518,158.51,53.81223329
1525403127,158.5,104.42136518,158.51,53.81223329,158.5,104.42136518,158.51,53.81223329,158.5,104.42136518,158.51,53.81223329,158.5,104.42136518,158.51,53.81223329,158.5,104.42136518,158.51,53.81223329
1525403128,158.5,104.42136518,158.51,53.81223329,158.5,104.42136518,158.51,53.81223329,158.5,104.42136518,158.51,53.81223329,158.5,104.42136518,158.51,53.81223329,158.5,104.42136518,158.51,53.81223329
1525403130,158.5,104.42136518,158.51,53.81223329,158.5,104.42136518,158.51,53.81223329,158.5,104.42136518,158.51,53.81223329,158.5,104.42136518,158.51,53.81223329,158.5,104.42136518,158.51,53.81223329
1525403131,158.5,104.42136518,158.51,53.81223329,158.5,104.42136518,158.51,53.81223329,158.5,104.42136518,158.51,53.81223329,158.5,104.42136518,158.51,53.81223329,158.5,104.42136518,158.51,53.81223329
1525403132,158.5,104.42136518,158.51,53.81223329,158.5,104.42136518,158.51,53.81223329,158.5,104.42136518,158.51,53.81223329,158.5,104.42136518,158.51,53.81223329,158.5,104.42136518,158.51,53.81223329
1525403133,158.5,104.42136518,158.51,53.81223329,158.5,104.42136518,158.51,53.81223329,158.5,104.42136518,158.51,53.81223329,158.5,104.42136518,158.51,53.81223329,158.5,104.42136518,158.51,53.81223329
1525403134,158.5,104.42136518,158.51,53.81223329,158.5,104.42136518,158.51,53.81223329,158.5,104.42136518,158.51,53.81223329,158.5,104.42136518,158.51,53.81223329,158.5,104.42136518,158.51,53.81223329
1525403135,158.5,104.42136518,158.51,53.81223329,158.5,104.42136518,158.51,53.81223329,158.5,104.42136518,158.51,53.81223329,158.5,104.42136518,158.51,53.81223329,158.5,104.42136518,158.51,53.81223329
1525403137,158.5,99.76946518,158.51,53.81223329,158.5,99.76946518,158.51,53.81223329,158.5,99.76946518,158.51,53.81223329,158.5,99.76946518,158.51,53.81223329,158.5,99.76946518,158.51,53.81223329
1525403138,158.5,99.76946518,158.51,146.71023329,158.5,99.76946518,158.51,146.71023329,158.5,99.76946518,158.51,146.71023329,158.5,99.76946518,158.51,146.71023329,158.5,99.76946518,158.51,146.71023329
1525403139,158.5,99.76946518,158.51,96.71023329,158.5,99.76946518,158.51,96.71023329,158.5,99.76946518,158.51,96.71023329,158.5,99.76946518,158.51,96.71023329,158.5,99.76946518,158.51,96.71023329
1525403140,158.5,99.76946518,158.51,96.71032329,158.5,99.76946518,158.51,96.71032329,158.5,99.76946518,158.51,96.71032329,158.5,99.76946518,158.51,96.71032329,158.5,99.76946518,158.51,96.71032329
1525403141,158.5,99.76946518,158.51,94.54648134,158.5,99.76946518,158.51,94.54648134,158.5,99.76946518,158.51,94.54648134,158.5,99.76946518,158.51,94.54648134,158.5,99.76946518,158.51,94.54648134
1525403142,158.5,99.76946518,158.51,94.44648134,158.5,99.76946518,158.51,94.44648134,158.5,99.76946518,158.51,94.44648134,158.5,99.76946518,158.51,94.44648134,158.5,99.76946518,158.51,94.44648134
1525403144,158.5,99.76946518,158.51,54.43907121,158.5,99.76946518,158.51,54.43907121,158.5,99.76946518,158.51,54.43907121,158.5,99.76946518,158.51,54.43907121,158.5,99.76946518,158.51,54.43907121
1525403145,158.5,99.76946518,158.51,54.43907121,158.5,99.76946518,158.51,54.43907121,158.5,99.76946518,158.51,54.43907121,158.5,99.76946518,158.51,54.43907121,158.5,99.76946518,158.51,54.43907121
1525403146,158.5,99.76946518,158.51,54.43907121,158.5,99.76946518,158.51,54.43907121,158.5,99.76946518,158.51,54.43907121,158.5,99.76946518,158.51,54.43907121,158.5,99.76946518,158.51,54.43907121
1525403147,158.5,99.76946518,158.51,54.43907121,158.5,99.76946518,158.51,54.43907121,158.5,99.76946518,158.51,54.43907121,158.5,99.76946518,158.51,54.43907121,158.5,99.76946518,158.51,54.43907121
1525403148,158.5,99.76946518,158.51,54.43907121,158.5,99.76946518,158.51,54.43907121,158.5,99.76946518,158.51,54.43907121,158.5,99.76946518,158.51,54.43907121,158.5,99.76946518,158.51,54.43907121
1525403149,158.5,99.76946518,158.51,54.43907121,158.5,99.76946518,158.51,54.43907121,158.5,99.76946518,158.51,54.43907121,158.5,99.76946518,158.51,54.43907121,158.5,99.76946518,158.51,54.43907121
1525403151,158.5,98.30976518,158.51,114.43907121,158.5,98.30976518,158.51,114.43907121,158.5,98.30976518,158.51,114.43907121,158.5,98.30976518,158.51,114.43907121,158.5,98.30976518,158.51,114.43907121
1525403152,158.5,98.30976518,158.51,56.29646121,158.5,98.30976518,158.51,56.29646121,158.5,98.30976518,158.51,56.29646121,158.5,98.30976518,158.51,56.29646121,158.5,98.30976518,158.51,56.29646121
1525403153,158.5,98.30976518,158.51,56.29646121,158.5,98.30976518,158.51,56.29646121,158.5,98.30976518,158.51,56.29646121,158.5,98.30976518,158.51,56.29646121,158.5,98.30976518,158.51,56.29646121
1525403154,158.5,98.30976518,158.51,56.29646121,158.5,98.30976518,158.51,56.29646121,158.5,98.30976518,158.51,56.29646121,158.5,98.30976518,158.51,56.29646121,158.5,98.30976518,158.51,56.29646121
1525403155,158.5,98.31009518,158.51,56.29627121,158.5,98.31009518,158.51,56.29627121,158.5,98.31009518,158.51,56.29627121,158.5,98.31009518,158.51,56.29627121,158.5,98.31009518,158.51,56.29627121
1525403156,158.5,98.31009518,158.51,56.29627121,158.5,98.31009518,158.51,56.29627121,158.5,98.31009518,158.51,56.29627121,158.5,98.31009518,158.51,56.29627121,158.5,98.31009518,158.51,56.29627121
1525403158,158.5,98.31009518,158.51,56.29627121,158.5,98.31009518,158.51,56.29627121,158.5,98.31009518,158.51,56.29627121,158.5,98.31009518,158.51,56.29627121,158.5,98.31009518,158.51,56.29627121
1525403159,158.5,98.31009518,158.51,56.29627121,158.5,98.31009518,158.51,56.29627121,158.5,98.31009518,158.51,56.29627121,158.5,98.31009518,158.51,56.29627121,158.5,98.31009518,158.51,56.29627121
1525403160,158.5,98.31009518,158.51,56.29627121,158.5,98.31009518,158.51,56.29627121,158.5,98.31009518,158.51,56.29627121,158.5,98.31009518,158.51,56.29627121,158.5,98.31009518,158.51,56.29627121
1525403161,158.5,98.31009518,158.51,56.29627121,158.5,98.31009518,158.51,56.29627121,158.5,98.31009518,158.51,56.29627121,158.5,98.31009518,158.51,56.29627121,158.5,98.31009518,158.51,56.29627121
1525403162,158.5,98.31009518,158.51,56.29627121,158.5,98.31009518,158.51,56.29627121,158.5,98.31009518,158.51,56.29627121,158.5,98.31009518,158.51,56.29627121,158.5,98.31009518,158.51,56.29627121
1525403163,158.5,86.29039518,158.51,56.29627121,158.5,86.29039518,158.51,56.29627121,158.5,86.29039518,158.51,56.29627121,158.5,86.29039518,158.51,56.29627121,158.5,86.29039518,158.51,56.29627121
1525403165,158.5,86.29039518,158.51,56.50074108,158.5,86.29039518,158.51,56.50074108,158.5,86.29039518,158.51,56.50074108,158.5,86.29039518,158.51,56.50074108,158.5,86.29039518,158.51,56.50074108
1525403166,158.5,86.29039518,158.51,56.50074108,158.5,86.29039518,158.51,56.50074108,158.5,86.29039518,158.51,56.50074108,158.5,86.29039518,158.51,56.50074108,158.5,86.29039518,158.51,56.50074108
1525403167,158.5,86.29039518,158.51,57.13074108,158.5,86.29039518,158.51,57.13074108,158.5,86.29039518,158.51,57.13074108,158.5,86.29039518,158.51,57.13074108,158.5,86.29039518,158.51,57.13074108
1525403168,158.5,86.29039518,158.51,57.13074108,158.5,86.29039518,158.51,57.13074108,158.5,86.29039518,158.51,57.13074108,158.5,86.29039518,158.51,57.13074108,158.5,86.29039518,158.51,57.13074108
1525403169,158.5,86.29039518,158.51,57.13074108,158.5,86.29039518,158.51,57.13074108,158.5,86.29039518,158.51,57.13074108,158.5,86.29039518,158.51,57.13074108,158.5,86.29039518,158.51,57.13074108
1525403170,158.5,86.29039518,158.51,57.13074108,158.5,86.29039518,158.51,57.13074108,158.5,86.29039518,158.51,57.13074108,158.5,86.29039518,158.51,57.13074108,158.5,86.29039518,158.51,57.13074108
1525403172,158.5,86.29039518,158.51,57.13074108,158.5,86.29039518,158.51,57.13074108,158.5,86.29039518,158.51,57.13074108,158.5,86.29039518,158.51,57.13074108,158.5,86.29039518,158.51,57.13074108
1525403173,158.5,86.29039518,158.51,57.13074108,158.5,86.29039518,158.51,57.13074108,158.5,86.29039518,158.51,57.13074108,158.5,86.29039518,158.51,57.13074108,158.5,86.29039518,158.51,57.13074108
1525403174,158.5,86.29039518,158.51,57.13074108,158.5,86.29039518,158.51,57.13074108,158.5,86.29039518,158.51,57.13074108,158.5,86.29039518,158.51,57.13074108,158.5,86.29039518,158.51,57.13074108
1525403175,158.5,86.29039518,158.51,57.13074108,158.5,86.29039518,158.51,57.13074108,158.5,86.29039518,158.51,57.13074108,158.5,86.29039518,158.51,57.13074108,158.5,86.29039518,158.51,57.13074108
1525403176,158.5,176.29045518,158.51,4.03814108,158.5,176.29045518,158.51,4.03814108,158.5,176.29045518,158.51,4.03814108,158.5,176.29045518,158.51,4.03814108,158.5,176.29045518,158.51,4.03814108
1525403177,158.5,86.29045518,158.51,54.03823108,158.5,86.29045518,158.51,54.03823108,158.5,86.29045518,158.51,54.03823108,158.5,86.29045518,158.51,54.03823108,158.5,86.29045518,158.51,54.03823108
1525403179,158.5,86.29045518,158.51,54.03823108,158.5,86.29045518,158.51,54.03823108,158.5,86.29045518,158.51,54.03823108,158.5,86.29045518,158.51,54.03823108,158.5,86.29045518,158.51,54.03823108
1525403180,158.5,86.29045518,158.51,54.03823108,158.5,86.29045518,158.51,54.03823108,158.5,86.29045518,158.51,54.03823108,158.5,86.29045518,158.51,54.03823108,158.5,86.29045518,158.51,54.03823108
1525403181,158.5,86.29045518,158.51,54.03823108,158.5,86.29045518,158.51,54.03823108,158.5,86.29045518,158.51,54.03823108,158.5,86.29045518,158.51,54.03823108,158.5,86.29045518,158.51,54.03823108
1525403182,158.5,86.29045518,158.51,54.03823108,158.5,86.29045518,158.51,54.03823108,158.5,86.29045518,158.51,54.03823108,158.5,86.29045518,158.51,54.03823108,158.5,86.29045518,158.51,54.03823108
1525403184,158.5,86.29045518,158.51,54.03823108,158.5,86.29045518,158.51,54.03823108,158.5,86.29045518,158.51,54.03823108,158.5,86.29045518,158.51,54.03823108,158.5,86.29045518,158.51,54.03823108
1525403185,158.5,86.49045618,158.51,54.03823108,158.5,86.49045618,158.51,54.03823108,158.5,86.49045618,158.51,54.03823108,158.5,86.49045618,158.51,54.03823108,158.5,86.49045618,158.51,54.03823108
1525403186,158.5,86.49045618,158.51,54.03823108,158.5,86.49045618,158.51,54.03823108,158.5,86.49045618,158.51,54.03823108,158.5,86.49045618,158.51,54.03823108,158.5,86.49045618,158.51,54.03823108
1525403187,158.5,86.29045518,158.51,54.03823108,158.5,86.29045518,158.51,54.03823108,158.5,86.29045518,158.51,54.03823108,158.5,86.29045518,158.51,54.03823108,158.5,86.29045518,158.51,54.03823108
1525403188,158.5,82.13555518,158.51,54.03823108,158.5,82.13555518,158.51,54.03823108,158.5,82.13555518,158.51,54.03823108,158.5,82.13555518,158.51,54.03823108,158.5,82.13555518,158.51,54.03823108
1525403189,158.5,82.13555518,158.51,52.37141273,158.5,82.13555518,158.51,52.37141273,158.5,82.13555518,158.51,52.37141273,158.5,82.13555518,158.51,52.37141273,158.5,82.13555518,158.51,52.37141273
1525403191,158.5,82.33555618,158.51,52.37141273,158.5,82.33555618,158.51,52.37141273,158.5,82.33555618,158.51,52.37141273,158.5,82.33555618,158.51,52.37141273,158.5,82.33555618,158.51,52.37141273
1525403192,158.5,82.33555618,158.51,52.37141273,158.5,82.33555618,158.51,52.37141273,158.5,82.33555618,158.51,52.37141273,158.5,82.33555618,158.51,52.37141273,158.5,82.33555618,158.51,52.37141273
1525403193,158.5,82.33555618,158.51,52.37141273,158.5,82.33555618,158.51,52.37141273,158.5,82.33555618,158.51,52.37141273,158.5,82.33555618,158.51,52.37141273,158.5,82.33555618,158.51,52.37141273
1525403194,158.5,82.33555618,158.51,52.37141273,158.5,82.33555618,158.51,52.37141273,158.5,82.33555618,158.51,52.37141273,158.5,82.33555618,158.51,52.37141273,158.5,82.33555618,158.51,52.37141273
1525403195,158.5,82.33555618,158.51,52.37141273,158.5,82.33555618,158.51,52.37141273,158.5,82.33555618,158.51,52.37141273,158.5,82.33555618,158.51,52.37141273,158.5,82.33555618,158.51,52.37141273
1525403196,158.5,82.13555518,158.51,52.37141273,158.5,82.13555518,158.51,52.37141273,158.5,82.13555518,158.51,52.37141273,158.5,82.13555518,158.51,52.37141273,158.5,82.13555518,158.51,52.37141273
1525403197,158.5,82.13555518,158.51,77.37129273,158.5,82.13555518,158.51,77.37129273,158.5,82.13555518,158.51,77.37129273,158.5,82.13555518,158.51,77.37129273,158.5,82.13555518,158.51,77.37129273
1525403199,158.5,81.51865518,158.51,77.37129273,158.5,81.51865518,158.51,77.37129273,158.5,81.51865518,158.51,77.37129273,158.5,81.51865518,158.51,77.37129273,158.5,81.51865518,158.51,77.37129273
1525403200,158.5,81.51865518,158.51,77.37129273,158.5,81.51865518,158.51,77.37129273,158.5,81.51865518,158.51,77.37129273,158.5,81.51865518,158.51,77.37129273,158.5,81.51865518,158.51,77.37129273
1525403201,158.5,81.51865518,158.51,77.60129273,158.5,81.51865518,158.51,77.60129273,158.5,81.51865518,158.51,77.60129273,158.5,81.51865518,158.51,77.60129273,158.5,81.51865518,158.51,77.60129273
1525403202,158.5,81.51865518,158.51,77.60129273,158.5,81.51865518,158.51,77.60129273,158.5,81.51865518,158.51,77.60129273,158.5,81.51865518,158.51,77.60129273,158.5,81.51865518,158.51,77.60129273
1525403203,158.5,81.51865518,158.51,121.28212546,158.5,81.51865518,158.51,121.28212546,158.5,81.51865518,158.51,121.28212546,158.5,81.51865518,158.51,121.28212546,158.5,81.51865518,158.51,121.28212546
1525403204,158.5,81.51865518,158.51,121.15266546,158.5,81.51865518,158.51,121.15266546,158.5,81.51865518,158.51,121.15266546,158.5,81.51865518,158.51,121.15266546,158.5,81.51865518,158.51,121.15266546
1525403206,158.5,81.51865518,158.51,121.15266546,158.5,81.51865518,158.51,121.15266546,158.5,81.51865518,158.51,121.15266546,158.5,81.51865518,158.51,121.15266546,158.5,81.51865518,158.51,121.15266546
1525403207,158.5,81.51865518,158.51,121.15266546,158.5,81.51865518,158.51,121.15266546,158.5,81.51865518,158.51,121.15266546,158.5,81.51865518,158.51,121.15266546,158.5,81.51865518,158.51,121.15266546
1525403208,158.5,81.51865518,158.51,121.10266546,158.5,81.51865518,158.51,121.10266546,158.5,81.51865518,158.51,121.10266546,158.5,81.51865518,158.51,121.10266546,158.5,81.51865518,158.51,121.10266546
1525403209,158.5,81.51865518,158.51,115.79296546,158.5,81.51865518,158.51,115.79296546,158.5,81.51865518,158.51,115.79296546,158.5,81.51865518,158.51,115.79296546,158.5,81.51865518,158.51,115.79296546
1525403210,158.5,81.51865518,158.51,115.94296546,158.5,81.51865518,158.51,115.94296546,158.5,81.51865518,158.51,115.94296546,158.5,81.51865518,158.51,115.94296546,158.5,81.51865518,158.51,115.94296546
1525403211,158.5,81.51865518,158.51,116.20230371,158.5,81.51865518,158.51,116.20230371,158.5,81.51865518,158.51,116.20230371,158.5,81.51865518,158.51,116.20230371,158.5,81.51865518,158.51,116.20230371
1525403213,158.5,81.51865518,158.51,116.20230371,158.5,81.51865518,158.51,116.20230371,158.5,81.51865518,158.51,116.20230371,158.5,81.51865518,158.51,116.20230371,158.5,81.51865518,158.51,116.20230371
1525403214,158.5,81.51865518,158.51,145.92035015,158.5,81.51865518,158.51,145.92035015,158.5,81.51865518,158.51,145.92035015,158.5,81.51865518,158.51,145.92035015,158.5,81.51865518,158.51,145.92035015
1525403215,158.5,181.51865518,158.51,103.14235015,158.5,181.51865518,158.51,103.14235015,158.5,181.51865518,158.51,103.14235015,158.5,181.51865518,158.51,103.14235015,158.5,181.51865518,158.51,103.14235015
1525403216,158.5,181.51809518,158.51,102.91235015,158.5,181.51809518,158.51,102.91235015,158.5,181.51809518,158.51,102.91235015,158.5,181.51809518,158.51,102.91235015,158.5,181.51809518,158.51,102.91235015
1525403217,158.5,181.51809518,158.51,102.91235015,158.5,181.51809518,158.51,102.91235015,158.5,181.51809518,158.51,102.91235015,158.5,181.51809518,158.51,102.91235015,158.5,181.51809518,158.51,102.91235015
1525403218,158.5,181.51809518,158.51,103.13235015,158.5,181.51809518,158.51,103.13235015,158.5,181.51809518,158.51,103.13235015,158.5,181.51809518,158.51,103.13235015,158.5,181.51809518,158.51,103.13235015
1525403220,158.5,181.51809518,158.51,103.91235015,158.5,181.51809518,158.51,103.91235015,158.5,181.51809518,158.51,103.91235015,158.5,181.51809518,158.51,103.91235015,158.5,181.51809518,158.51,103.91235015
1525403221,158.5,181.51809518,158.51,104.06235015,158.5,181.51809518,158.51,104.06235015,158.5,181.51809518,158.51,104.06235015,158.5,181.51809518,158.51,104.06235015,158.5,181.51809518,158.51,104.06235015
1525403222,158.5,180.80789518,158.51,103.91235015,158.5,180.80789518,158.51,103.91235015,158.5,180.80789518,158.51,103.91235015,158.5,180.80789518,158.51,103.91235015,158.5,180.80789518,158.51,103.91235015
1525403225,158.5,180.80789518,158.51,104.21235015,158.5,180.80789518,158.51,104.21235015,158.5,180.80789518,158.51,104.21235015,158.5,180.80789518,158.51,104.21235015,158.5,180.80789518,158.51,104.21235015
1525403226,158.5,180.80789518,158.51,146.80969015,158.5,180.80789518,158.51,146.80969015,158.5,180.80789518,158.51,146.80969015,158.5,180.80789518,158.51,146.80969015,158.5,180.80789518,158.51,146.80969015
1525403227,158.5,180.80789518,158.51,146.80969015,158.5,180.80789518,158.51,146.80969015,158.5,180.80789518,158.51,146.80969015,158.5,180.80789518,158.51,146.80969015,158.5,180.80789518,158.51,146.80969015
1525403228,158.5,180.80789518,158.51,147.00969015,158.5,180.80789518,158.51,147.00969015,158.5,180.80789518,158.51,147.00969015,158.5,180.80789518,158.51,147.00969015,158.5,180.80789518,158.51,147.00969015
1525403230,158.5,180.80789518,158.51,147.00969015,158.5,180.80789518,158.51,147.00969015,158.5,180.80789518,158.51,147.00969015,158.5,180.80789518,158.51,147.00969015,158.5,180.80789518,158.51,147.00969015
1525403231,158.5,180.80789518,158.51,147.00969015,158.5,180.80789518,158.51,147.00969015,158.5,180.80789518,158.51,147.00969015,158.5,180.80789518,158.51,147.00969015,158.5,180.80789518,158.51,147.00969015
1525403232,158.5,180.80789518,158.51,146.80969015,158.5,180.80789518,158.51,146.80969015,158.5,180.80789518,158.51,146.80969015,158.5,180.80789518,158.51,146.80969015,158.5,180.80789518,158.51,146.80969015
1525403233,158.5,180.80789518,158.51,146.90969015,158.5,180.80789518,158.51,146.90969015,158.5,180.80789518,158.51,146.90969015,158.5,180.80789518,158.51,146.90969015,158.5,180.80789518,158.51,146.90969015
1525403234,158.5,180.80789518,158.51,147.01969015,158.5,180.80789518,158.51,147.01969015,158.5,180.80789518,158.51,147.01969015,158.5,180.80789518,158.51,147.01969015,158.5,180.80789518,158.51,147.01969015
1525403236,158.5,180.80789518,158.51,147.14969015,158.5,180.80789518,158.51,147.14969015,158.5,180.80789518,158.51,147.14969015,158.5,180.80789518,158.51,147.14969015,158.5,180.80789518,158.51,147.14969015
1525403237,158.5,180.80789518,158.51,147.14969015,158.5,180.80789518,158.51,147.14969015,158.5,180.80789518,158.51,147.14969015,158.5,180.80789518,158.51,147.14969015,158.5,180.80789518,158.51,147.14969015
1525403238,158.5,180.80789518,158.51,147.14969015,158.5,180.80789518,158.51,147.14969015,158.5,180.80789518,158.51,147.14969015,158.5,180.80789518,158.51,147.14969015,158.5,180.80789518,158.51,147.14969015
1525403239,158.5,180.80789518,158.51,147.14969015,158.5,180.80789518,158.51,147.14969015,158.5,180.80789518,158.51,147.14969015,158.5,180.80789518,158.51,147.14969015,158.5,180.80789518,158.51,147.14969015
1525403240,158.5,179.61900837,158.51,147.14969015,158.5,179.61900837,158.51,147.14969015,158.5,179.61900837,158.51,147.14969015,158.5,179.61900837,158.51,147.14969015,158.5,179.61900837,158.51,147.14969015
1525403241,158.5,179.61900837,158.51,147.14969015,158.5,179.61900837,158.51,147.14969015,158.5,179.61900837,158.51,147.14969015,158.5,179.61900837,158.51,147.14969015,158.5,179.61900837,158.51,147.14969015
1525403242,158.5,179.61900837,158.51,147.14969015,158.5,179.61900837,158.51,147.14969015,158.5,179.61900837,158.51,147.14969015,158.5,179.61900837,158.51,147.14969015,158.5,179.61900837,158.51,147.14969015
1525403244,158.5,179.61900837,158.51,147.14969015,158.5,179.61900837,158.51,147.14969015,158.5,179.61900837,158.51,147.14969015,158.5,179.61900837,158.51,147.14969015,158.5,179.61900837,158.51,147.14969015
1525403245,158.5,179.61900837,158.51,147.14969015,158.5,179.61900837,158.51,147.14969015,158.5,179.61900837,158.51,147.14969015,158.5,179.61900837,158.51,147.14969015,158.5,179.61900837,158.51,147.14969015
1525403246,158.5,229.61888837,158.51,57.73094917,158.5,229.61888837,158.51,57.73094917,158.5,229.61888837,158.51,57.73094917,158.5,229.61888837,158.51,57.73094917,158.5,229.61888837,158.51,57.73094917
1525403247,158.5,228.19808837,158.51,57.73094917,158.5,228.19808837,158.51,57.73094917,158.5,228.19808837,158.51,57.73094917,158.5,228.19808837,158.51,57.73094917,158.5,228.19808837,158.51,57.73094917
1525403248,158.5,228.19808837,158.51,57.60094917,158.5,228.19808837,158.51,57.60094917,158.5,228.19808837,158.51,57.60094917,158.5,228.19808837,158.51,57.60094917,158.5,228.19808837,158.51,57.60094917
1525403249,158.5,228.19808837,158.51,57.49094917,158.5,228.19808837,158.51,57.49094917,158.5,228.19808837,158.51,57.49094917,158.5,228.19808837,158.51,57.49094917,158.5,228.19808837,158.51,57.49094917
1525403251,158.5,228.19808837,158.51,57.39094917,158.5,228.19808837,158.51,57.39094917,158.5,228.19808837,158.51,57.39094917,158.5,228.19808837,158.51,57.39094917,158.5,228.19808837,158.51,57.39094917
1525403252,158.5,228.19808837,158.51,57.66094917,158.5,228.19808837,158.51,57.66094917,158.5,228.19808837,158.51,57.66094917,158.5,228.19808837,158.51,57.66094917,158.5,228.19808837,158.51,57.66094917
1525403253,158.5,228.19808837,158.51,57.49094917,158.5,228.19808837,158.51,57.49094917,158.5,228.19808837,158.51,57.49094917,158.5,228.19808837,158.51,57.49094917,158.5,228.19808837,158.51,57.49094917
1525403254,158.5,268.19791837,158.51,57.39094917,158.5,268.19791837,158.51,57.39094917,158.5,268.19791837,158.51,57.39094917,158.5,268.19791837,158.51,57.39094917,158.5,268.19791837,158.51,57.39094917
1525403255,158.5,268.19791837,158.51,57.39094917,158.5,268.19791837,158.51,57.39094917,158.5,268.19791837,158.51,57.39094917,158.5,268.19791837,158.51,57.39094917,158.5,268.19791837,158.51,57.39094917
1525403256,158.5,268.19791837,158.51,57.63094917,158.5,268.19791837,158.51,57.63094917,158.5,268.19791837,158.51,57.63094917,158.5,268.19791837,158.51,57.63094917,158.5,268.19791837,158.51,57.63094917
1525403258,158.5,268.19791837,158.51,59.13194917,158.5,268.19791837,158.51,59.13194917,158.5,268.19791837,158.51,59.13194917,158.5,268.19791837,158.51,59.13194917,158.5,268.19791837,158.51,59.13194917
1525403259,158.5,267.19811837,158.51,59.13194917,158.5,267.19811837,158.51,59.13194917,158.5,267.19811837,158.51,59.13194917,158.5,267.19811837,158.51,59.13194917,158.5,267.19811837,158.51,59.13194917
1525403260,158.5,270.19811837,158.51,59.13194917,158.5,270.19811837,158.51,59.13194917,158.5,270.19811837,158.51,59.13194917,158.5,270.19811837,158.51,59.13194917,158.5,270.19811837,158.51,59.13194917
1525403261,158.5,270.19811837,158.51,59.13194917,158.5,270.19811837,158.51,59.13194917,158.5,270.19811837,158.51,59.13194917,158.5,270.19811837,158.51,59.13194917,158.5,270.19811837,158.51,59.13194917
1525403262,158.5,270.19811837,158.51,58.43911644,158.5,270.19811837,158.51,58.43911644,158.5,270.19811837,158.51,58.43911644,158.5,270.19811837,158.51,58.43911644,158.5,270.19811837,158.51,58.43911644
1525403263,158.5,380.29905837,158.51,58.33911644,158.5,380.29905837,158.51,58.33911644,158.5,380.29905837,158.51,58.33911644,158.5,380.29905837,158.51,58.33911644,158.5,380.29905837,158.51,58.33911644
1525403265,158.5,380.39819937,158.51,59.71973865,158.5,380.39819937,158.51,59.71973865,158.5,380.39819937,158.51,59.71973865,158.5,380.39819937,158.51,59.71973865,158.5,380.39819937,158.51,59.71973865
1525403266,158.5,320.19819837,158.51,59.71973865,158.5,320.19819837,158.51,59.71973865,158.5,320.19819837,158.51,59.71973865,158.5,320.19819837,158.51,59.71973865,158.5,320.19819837,158.51,59.71973865
1525403267,158.5,270.19819837,158.51,59.71973865,158.5,270.19819837,158.51,59.71973865,158.5,270.19819837,158.51,59.71973865,158.5,270.19819837,158.51,59.71973865,158.5,270.19819837,158.51,59.71973865
1525403268,158.5,330.19819837,158.51,59.71973865,158.5,330.19819837,158.51,59.71973865,158.5,330.19819837,158.51,59.71973865,158.5,330.19819837,158.51,59.71973865,158.5,330.19819837,158.51,59.71973865
1525403269,158.5,239.18119837,158.51,9.71973865,158.5,239.18119837,158.51,9.71973865,158.5,239.18119837,158.51,9.71973865,158.5,239.18119837,158.51,9.71973865,158.5,239.18119837,158.51,9.71973865
1525403270,158.5,239.18119837,158.51,9.71973865,158.5,239.18119837,158.51,9.71973865,158.5,239.18119837,158.51,9.71973865,158.5,239.18119837,158.51,9.71973865,158.5,239.18119837,158.51,9.71973865
1525403272,158.5,347.38122837,158.51,9.72026865,158.5,347.38122837,158.51,9.72026865,158.5,347.38122837,158.51,9.72026865,158.5,347.38122837,158.51,9.72026865,158.5,347.38122837,158.51,9.72026865
1525403273,158.5,187.38122837,158.51,59.71972865,158.5,187.38122837,158.51,59.71972865,158.5,187.38122837,158.51,59.71972865,158.5,187.38122837,158.51,59.71972865,158.5,187.38122837,158.51,59.71972865
1525403274,158.5,237.38187837,158.51,9.81972865,158.5,237.38187837,158.51,9.81972865,158.5,237.38187837,158.51,9.81972865,158.5,237.38187837,158.51,9.81972865,158.5,237.38187837,158.51,9.81972865
1525403275,158.5,187.38187837,158.51,59.71972865,158.5,187.38187837,158.51,59.71972865,158.5,187.38187837,158.51,59.71972865,158.5,187.38187837,158.51,59.71972865,158.5,187.38187837,158.51,59.71972865
1525403276,158.5,187.38187837,158.51,59.86006865,158.5,187.38187837,158.51,59.86006865,158.5,187.38187837,158.51,59.86006865,158.5,187.38187837,158.51,59.86006865,158.5,187.38187837,158.51,59.86006865
1525403277,158.5,187.38187837,158.51,59.98006865,158.5,187.38187837,158.51,59.98006865,158.5,187.38187837,158.51,59.98006865,158.5,187.38187837,158.51,59.98006865,158.5,187.38187837,158.51,59.98006865
1525403279,158.5,187.38117837,158.51,59.96006865,158.5,187.38117837,158.51,59.96006865,158.5,187.38117837,158.51,59.96006865,158.5,187.38117837,158.51,59.96006865,158.5,187.38117837,158.51,59.96006865
1525403280,158.5,147.38117837,158.51,59.72006865,158.5,147.38117837,158.51,59.72006865,158.5,147.38117837,158.51,59.72006865,158.5,147.38117837,158.51,59.72006865,158.5,147.38117837,158.51,59.72006865
1525403281,158.5,147.38117837,158.51,59.72006865,158.5,147.38117837,158.51,59.72006865,158.5,147.38117837,158.51,59.72006865,158.5,147.38117837,158.51,59.72006865,158.5,147.38117837,158.51,59.72006865
1525403282,158.5,186.76031837,158.51,50.29690665,158.5,186.76031837,158.51,50.29690665,158.5,186.76031837,158.51,50.29690665,158.5,186.76031837,158.51,50.29690665,158.5,186.76031837,158.51,50.29690665
1525403283,158.5,186.86048837,158.51,50.29690665,158.5,186.86048837,158.51,50.29690665,158.5,186.86048837,158.51,50.29690665,158.5,186.86048837,158.51,50.29690665,158.5,186.86048837,158.51,50.29690665
1525403284,158.5,186.75972837,158.51,50.29690665,158.5,186.75972837,158.51,50.29690665,158.5,186.75972837,158.51,50.29690665,158.5,186.75972837,158.51,50.29690665,158.5,186.75972837,158.51,50.29690665
1525403286,158.5,186.75972837,158.51,50.39690665,158.5,186.75972837,158.51,50.39690665,158.5,186.75972837,158.51,50.39690665,158.5,186.75972837,158.51,50.39690665,158.5,186.75972837,158.51,50.39690665
1525403287,158.5,236.65955837,158.51,0.51690665,158.5,236.65955837,158.51,0.51690665,158.5,236.65955837,158.51,0.51690665,158.5,236.65955837,158.51,0.51690665,158.5,236.65955837,158.51,0.51690665
1525403288,158.5,238.56044837,158.51,0.51690665,158.5,238.56044837,158.51,0.51690665,158.5,238.56044837,158.51,0.51690665,158.5,238.56044837,158.51,0.51690665,158.5,238.56044837,158.51,0.51690665
1525403289,158.5,238.56044837,158.51,0.51690665,158.5,238.56044837,158.51,0.51690665,158.5,238.56044837,158.51,0.51690665,158.5,238.56044837,158.51,0.51690665,158.5,238.56044837,158.51,0.51690665
1525403290,158.5,146.76044837,158.51,55.42708665,158.5,146.76044837,158.51,55.42708665,158.5,146.76044837,158.51,55.42708665,158.5,146.76044837,158.51,55.42708665,158.5,146.76044837,158.51,55.42708665
1525403291,158.5,146.76044837,158.51,55.53708665,158.5,146.76044837,158.51,55.53708665,158.5,146.76044837,158.51,55.53708665,158.5,146.76044837,158.51,55.53708665,158.5,146.76044837,158.51,55.53708665
1525403293,158.5,146.76044837,158.51,55.42708665,158.5,146.76044837,158.51,55.42708665,158.5,146.76044837,158.51,55.42708665,158.5,146.76044837,158.51,55.42708665,158.5,146.76044837,158.51,55.42708665
1525403294,158.5,146.76044837,158.51,55.42708665,158.5,146.76044837,158.51,55.42708665,158.5,146.76044837,158.51,55.42708665,158.5,146.76044837,158.51,55.42708665,158.5,146.76044837,158.51,55.42708665
1525403295,158.5,146.76044837,158.51,55.42708665,158.5,146.76044837,158.51,55.42708665,158.5,146.76044837,158.51,55.42708665,158.5,146.76044837,158.51,55.42708665,158.5,146.76044837,158.51,55.42708665
1525403296,158.5,146.76044837,158.51,55.42708665,158.5,146.76044837,158.51,55.42708665,158.5,146.76044837,158.51,55.42708665,158.5,146.76044837,158.51,55.42708665,158.5,146.76044837,158.51,55.42708665
1525403297,158.5,146.76044837,158.51,55.42708665,158.5,146.76044837,158.51,55.42708665,158.5,146.76044837,158.51,55.42708665,158.5,146.76044837,158.51,55.42708665,158.5,146.76044837,158.51,55.42708665
1525403298,158.5,146.76044837,158.51,55.42708665,158.5,146.76044837,158.51,55.42708665,158.5,146.76044837,158.51,55.42708665,158.5,146.76044837,158.51,55.42708665,158.5,146.76044837,158.51,55.42708665
1525403300,158.5,146.76044837,158.51,55.42708665,158.5,146.76044837,158.51,55.42708665,158.5,146.76044837,158.51,55.42708665,158.5,146.76044837,158.51,55.42708665,158.5,146.76044837,158.51,55.42708665
1525403301,158.5,146.76044837,158.51,55.42708665,158.5,146.76044837,158.51,55.42708665,158.5,146.76044837,158.51,55.42708665,158.5,146.76044837,158.51,55.42708665,158.5,146.76044837,158.51,55.42708665
1525403302,158.5,146.76044837,158.51,55.42708665,158.5,146.76044837,158.51,55.42708665,158.5,146.76044837,158.51,55.42708665,158.5,146.76044837,158.51,55.42708665,158.5,146.76044837,158.51,55.42708665
1525403303,158.5,146.76044837,158.51,57.40447665,158.5,146.76044837,158.51,57.40447665,158.5,146.76044837,158.51,57.40447665,158.5,146.76044837,158.51,57.40447665,158.5,146.76044837,158.51,57.40447665
1525403304,158.5,146.76044837,158.51,57.40447665,158.5,146.76044837,158.51,57.40447665,158.5,146.76044837,158.51,57.40447665,158.5,146.76044837,158.51,57.40447665,158.5,146.76044837,158.51,57.40447665
1525403306,158.5,145.68604837,158.51,57.40447665,158.5,145.68604837,158.51,57.40447665,158.5,145.68604837,158.51,57.40447665,158.5,145.68604837,158.51,57.40447665,158.5,145.68604837,158.51,57.40447665
1525403307,158.5,145.68604837,158.51,57.50447665,158.5,145.68604837,158.51,57.50447665,158.5,145.68604837,158.51,57.50447665,158.5,145.68604837,158.51,57.50447665,158.5,145.68604837,158.51,57.50447665
1525403308,158.5,145.68604837,158.51,57.50447665,158.5,145.68604837,158.51,57.50447665,158.5,145.68604837,158.51,57.50447665,158.5,145.68604837,158.51,57.50447665,158.5,145.68604837,158.51,57.50447665
1525403309,158.5,145.68604837,158.51,57.50447665,158.5,145.68604837,158.51,57.50447665,158.5,145.68604837,158.51,57.50447665,158.5,145.68604837,158.51,57.50447665,158.5,145.68604837,158.51,57.50447665
1525403311,158.5,145.68604837,158.51,57.18447665,158.5,145.68604837,158.51,57.18447665,158.5,145.68604837,158.51,57.18447665,158.5,145.68604837,158.51,57.18447665,158.5,145.68604837,158.51,57.18447665
1525403312,158.5,145.68604837,158.51,57.18447665,158.5,145.68604837,158.51,57.18447665,158.5,145.68604837,158.51,57.18447665,158.5,145.68604837,158.51,57.18447665,158.5,145.68604837,158.51,57.18447665
1525403314,158.5,145.68604837,158.51,57.33447665,158.5,145.68604837,158.51,57.33447665,158.5,145.68604837,158.51,57.33447665,158.5,145.68604837,158.51,57.33447665,158.5,145.68604837,158.51,57.33447665
1525403315,158.5,145.68604837,158.51,57.18447665,158.5,145.68604837,158.51,57.18447665,158.5,145.68604837,158.51,57.18447665,158.5,145.68604837,158.51,57.18447665,158.5,145.68604837,158.51,57.18447665
1525403316,158.5,145.68604837,158.51,57.33447665,158.5,145.68604837,158.51,57.33447665,158.5,145.68604837,158.51,57.33447665,158.5,145.68604837,158.51,57.33447665,158.5,145.68604837,158.51,57.33447665
1525403317,158.5,145.68604837,158.51,57.33447665,158.5,145.68604837,158.51,57.33447665,158.5,145.68604837,158.51,57.33447665,158.5,145.68604837,158.51,57.33447665,158.5,145.68604837,158.51,57.33447665
1525403318,158.5,145.68604837,158.51,57.43447665,158.5,145.68604837,158.51,57.43447665,158.5,145.68604837,158.51,57.43447665,158.5,145.68604837,158.51,57.43447665,158.5,145.68604837,158.51,57.43447665
1525403319,158.5,144.42944837,158.51,57.18447665,158.5,144.42944837,158.51,57.18447665,158.5,144.42944837,158.51,57.18447665,158.5,144.42944837,158.51,57.18447665,158.5,144.42944837,158.51,57.18447665
1525403320,158.5,144.42944837,158.51,57.18447665,158.5,144.42944837,158.51,57.18447665,158.5,144.42944837,158.51,57.18447665,158.5,144.42944837,158.51,57.18447665,158.5,144.42944837,158.51,57.18447665
1525403322,158.5,144.42944837,158.51,57.18447665,158.5,144.42944837,158.51,57.18447665,158.5,144.42944837,158.51,57.18447665,158.5,144.42944837,158.51,57.18447665,158.5,144.42944837,158.51,57.18447665
1525403323,158.5,144.42944837,158.51,57.18447665,158.5,144.42944837,158.51,57.18447665,158.5,144.42944837,158.51,57.18447665,158.5,144.42944837,158.51,57.18447665,158.5,144.42944837,158.51,57.18447665
1525403324,158.5,144.53944837,158.51,57.26793,158.5,144.53944837,158.51,57.26793,158.5,144.53944837,158.51,57.26793,158.5,144.53944837,158.51,57.26793,158.5,144.53944837,158.51,57.26793
1525403325,158.5,144.53944837,158.51,57.26793,158.5,144.53944837,158.51,57.26793,158.5,144.53944837,158.51,57.26793,158.5,144.53944837,158.51,57.26793,158.5,144.53944837,158.51,57.26793
1525403326,158.5,144.53944837,158.51,54.30538891,158.5,144.53944837,158.51,54.30538891,158.5,144.53944837,158.51,54.30538891,158.5,144.53944837,158.51,54.30538891,158.5,144.53944837,158.51,54.30538891
1525403327,158.5,144.53944837,158.51,54.30538891,158.5,144.53944837,158.51,54.30538891,158.5,144.53944837,158.51,54.30538891,158.5,144.53944837,158.51,54.30538891,158.5,144.53944837,158.51,54.30538891
1525403329,158.5,144.53944837,158.51,54.30538891,158.5,144.53944837,158.51,54.30538891,158.5,144.53944837,158.51,54.30538891,158.5,144.53944837,158.51,54.30538891,158.5,144.53944837,158.51,54.30538891
1525403330,158.5,144.53944837,158.51,54.30538891,158.5,144.53944837,158.51,54.30538891,158.5,144.53944837,158.51,54.30538891,158.5,144.53944837,158.51,54.30538891,158.5,144.53944837,158.51,54.30538891
1525403331,158.5,236.33944837,158.51,4.02538891,158.5,236.33944837,158.51,4.02538891,158.5,236.33944837,158.51,4.02538891,158.5,236.33944837,158.51,4.02538891,158.5,236.33944837,158.51,4.02538891
1525403332,158.5,236.33897837,158.51,4.02538891,158.5,236.33897837,158.51,4.02538891,158.5,236.33897837,158.51,4.02538891,158.5,236.33897837,158.51,4.02538891,158.5,236.33897837,158.51,4.02538891
1525403333,158.5,236.33897837,158.51,4.02538891,158.5,236.33897837,158.51,4.02538891,158.5,236.33897837,158.51,4.02538891,158.5,236.33897837,158.51,4.02538891,158.5,236.33897837,158.51,4.02538891
1525403334,158.5,236.33897837,158.51,4.02538891,158.5,236.33897837,158.51,4.02538891,158.5,236.33897837,158.51,4.02538891,158.5,236.33897837,158.51,4.02538891,158.5,236.33897837,158.51,4.02538891
1525403336,158.5,236.33897837,158.51,4.12538891,158.5,236.33897837,158.51,4.12538891,158.5,236.33897837,158.51,4.12538891,158.5,236.33897837,158.51,4.12538891,158.5,236.33897837,158.51,4.12538891
1525403337,158.5,236.33897837,158.51,4.12538891,158.5,236.33897837,158.51,4.12538891,158.5,236.33897837,158.51,4.12538891,158.5,236.33897837,158.51,4.12538891,158.5,236.33897837,158.51,4.12538891
1525403338,158.5,232.33897837,158.51,4.41538891,158.5,232.33897837,158.51,4.41538891,158.5,232.33897837,158.51,4.41538891,158.5,232.33897837,158.51,4.41538891,158.5,232.33897837,158.51,4.41538891
1525403339,158.5,232.33897837,158.51,4.41538891,158.5,232.33897837,158.51,4.41538891,158.5,232.33897837,158.51,4.41538891,158.5,232.33897837,158.51,4.41538891,158.5,232.33897837,158.51,4.41538891
1525403340,158.5,232.33897837,158.51,4.12538891,158.5,232.33897837,158.51,4.12538891,158.5,232.33897837,158.51,4.12538891,158.5,232.33897837,158.51,4.12538891,158.5,232.33897837,158.51,4.12538891
1525403341,158.5,232.33897837,158.51,4.40538891,158.5,232.33897837,158.51,4.40538891,158.5,232.33897837,158.51,4.40538891,158.5,232.33897837,158.51,4.40538891,158.5,232.33897837,158.51,4.40538891
1525403343,158.5,232.33897837,158.51,4.12538891,158.5,232.33897837,158.51,4.12538891,158.5,232.33897837,158.51,4.12538891,158.5,232.33897837,158.51,4.12538891,158.5,232.33897837,158.51,4.12538891
1525403344,158.5,232.33897837,158.51,4.40538891,158.5,232.33897837,158.51,4.40538891,158.5,232.33897837,158.51,4.40538891,158.5,232.33897837,158.51,4.40538891,158.5,232.33897837,158.51,4.40538891
1525403345,158.5,232.53897937,158.51,4.12538891,158.5,232.53897937,158.51,4.12538891,158.5,232.53897937,158.51,4.12538891,158.5,232.53897937,158.51,4.12538891,158.5,232.53897937,158.51,4.12538891
1525403346,158.5,232.53897937,158.51,4.12538891,158.5,232.53897937,158.51,4.12538891,158.5,232.53897937,158.51,4.12538891,158.5,232.53897937,158.51,4.12538891,158.5,232.53897937,158.51,4.12538891
1525403347,158.5,232.53897937,158.51,4.12538891,158.5,232.53897937,158.51,4.12538891,158.5,232.53897937,158.51,4.12538891,158.5,232.53897937,158.51,4.12538891,158.5,232.53897937,158.51,4.12538891
1525403348,158.5,232.53897937,158.51,4.26538891,158.5,232.53897937,158.51,4.26538891,158.5,232.53897937,158.51,4.26538891,158.5,232.53897937,158.51,4.26538891,158.5,232.53897937,158.51,4.26538891
1525403349,158.5,232.53897937,158.51,4.12538891,158.5,232.53897937,158.51,4.12538891,158.5,232.53897937,158.51,4.12538891,158.5,232.53897937,158.51,4.12538891,158.5,232.53897937,158.51,4.12538891
1525403351,158.5,232.53897937,158.51,4.12538891,158.5,232.53897937,158.51,4.12538891,158.5,232.53897937,158.51,4.12538891,158.5,232.53897937,158.51,4.12538891,158.5,232.53897937,158.51,4.12538891
1525403352,158.5,281.49058196,158.51,4.12538891,158.5,281.49058196,158.51,4.12538891,158.5,281.49058196,158.51,4.12538891,158.5,281.49058196,158.51,4.12538891,158.5,281.49058196,158.51,4.12538891
1525403353,158.5,241.49058196,158.51,2.82118891,158.5,241.49058196,158.51,2.82118891,158.5,241.49058196,158.51,2.82118891,158.5,241.49058196,158.51,2.82118891,158.5,241.49058196,158.51,2.82118891
1525403354,158.5,241.49058196,158.51,2.92164891,158.5,241.49058196,158.51,2.92164891,158.5,241.49058196,158.51,2.92164891,158.5,241.49058196,158.51,2.92164891,158.5,241.49058196,158.51,2.92164891
1525403355,158.5,241.49058196,158.51,2.92164891,158.5,241.49058196,158.51,2.92164891,158.5,241.49058196,158.51,2.92164891,158.5,241.49058196,158.51,2.92164891,158.5,241.49058196,158.51,2.92164891
1525403357,158.5,241.49058196,158.51,2.92164891,158.5,241.49058196,158.51,2.92164891,158.5,241.49058196,158.51,2.92164891,158.5,241.49058196,158.51,2.92164891,158.5,241.49058196,158.51,2.92164891
1525403358,158.5,241.49058196,158.51,2.92164891,158.5,241.49058196,158.51,2.92164891,158.5,241.49058196,158.51,2.92164891,158.5,241.49058196,158.51,2.92164891,158.5,241.49058196,158.51,2.92164891
1525403359,158.5,241.49058196,158.51,2.92164891,158.5,241.49058196,158.51,2.92164891,158.5,241.49058196,158.51,2.92164891,158.5,241.49058196,158.51,2.92164891,158.5,241.49058196,158.51,2.92164891
1525403360,158.5,189.69058196,158.51,2.92164891,158.5,189.69058196,158.51,2.92164891,158.5,189.69058196,158.51,2.92164891,158.5,189.69058196,158.51,2.92164891,158.5,189.69058196,158.51,2.92164891
1525403361,158.5,189.69058196,158.51,52.92122891,158.5,189.69058196,158.51,52.92122891,158.5,189.69058196,158.51,52.92122891,158.5,189.69058196,158.51,52.92122891,158.5,189.69058196,158.51,52.92122891
1525403362,158.5,189.69058196,158.51,52.92122891,158.5,189.69058196,158.51,52.92122891,158.5,189.69058196,158.51,52.92122891,158.5,189.69058196,158.51,52.92122891,158.5,189.69058196,158.51,52.92122891
1525403364,158.5,189.69058196,158.51,52.92122891,158.5,189.69058196,158.51,52.92122891,158.5,189.69058196,158.51,52.92122891,158.5,189.69058196,158.51,52.92122891,158.5,189.69058196,158.51,52.92122891
1525403365,158.5,241.49058196,158.51,2.92122891,158.5,241.49058196,158.51,2.92122891,158.5,241.49058196,158.51,2.92122891,158.5,241.49058196,158.51,2.92122891,158.5,241.49058196,158.51,2.92122891
1525403366,158.5,241.49052196,158.51,2.25712891,158.5,241.49052196,158.51,2.25712891,158.5,241.49052196,158.51,2.25712891,158.5,241.49052196,158.51,2.25712891,158.5,241.49052196,158.51,2.25712891
1525403367,158.5,241.49052196,158.51,2.25712891,158.5,241.49052196,158.51,2.25712891,158.5,241.49052196,158.51,2.25712891,158.5,241.49052196,158.51,2.25712891,158.5,241.49052196,158.51,2.25712891
1525403368,158.5,241.49052196,158.51,2.25712891,158.5,241.49052196,158.51,2.25712891,158.5,241.49052196,158.51,2.25712891,158.5,241.49052196,158.51,2.25712891,158.5,241.49052196,158.51,2.25712891
1525403370,158.5,241.49052196,158.51,2.25712891,158.5,241.49052196,158.51,2.25712891,158.5,241.49052196,158.51,2.25712891,158.5,241.49052196,158.51,2.25712891,158.5,241.49052196,158.51,2.25712891
1525403371,158.5,241.49052196,158.51,2.25712891,158.5,241.49052196,158.51,2.25712891,158.5,241.49052196,158.51,2.25712891,158.5,241.49052196,158.51,2.25712891,158.5,241.49052196,158.51,2.25712891
1525403372,158.5,241.49052196,158.51,2.25712891,158.5,241.49052196,158.51,2.25712891,158.5,241.49052196,158.51,2.25712891,158.5,241.49052196,158.51,2.25712891,158.5,241.49052196,158.51,2.25712891
1525403373,158.5,241.49052196,158.51,2.25712891,158.5,241.49052196,158.51,2.25712891,158.5,241.49052196,158.51,2.25712891,158.5,241.49052196,158.51,2.25712891,158.5,241.49052196,158.51,2.25712891
1525403374,158.5,241.49052196,158.51,2.25712891,158.5,241.49052196,158.51,2.25712891,158.5,241.49052196,158.51,2.25712891,158.5,241.49052196,158.51,2.25712891,158.5,241.49052196,158.51,2.25712891
1525403375,158.5,241.49052196,158.51,2.25712891,158.5,241.49052196,158.51,2.25712891,158.5,241.49052196,158.51,2.25712891,158.5,241.49052196,158.51,2.25712891,158.5,241.49052196,158.51,2.25712891
1525403377,158.59,97.2057,158.6,81.53127287,158.59,97.2057,158.6,81.53127287,158.59,97.2057,158.6,81.53127287,158.59,97.2057,158.6,81.53127287,158.59,97.2057,158.6,81.53127287
1525403378,158.59,97.2057,158.6,81.53127287,158.59,97.2057,158.6,81.53127287,158.59,97.2057,158.6,81.53127287,158.59,97.2057,158.6,81.53127287,158.59,97.2057,158.6,81.53127287
1525403380,158.59,97.2057,158.6,81.53127287,158.59,97.2057,158.6,81.53127287,158.59,97.2057,158.6,81.53127287,158.59,97.2057,158.6,81.53127287,158.59,97.2057,158.6,81.53127287
1525403382,158.59,97.2057,158.6,82.23262947,158.59,97.2057,158.6,82.23262947,158.59,97.2057,158.6,82.23262947,158.59,97.2057,158.6,82.23262947,158.59,97.2057,158.6,82.23262947
1525403383,158.59,97.2057,158.6,82.23262947,158.59,97.2057,158.6,82.23262947,158.59,97.2057,158.6,82.23262947,158.59,97.2057,158.6,82.23262947,158.59,97.2057,158.6,82.23262947
1525403384,158.59,96.2057,158.6,82.23262947,158.59,96.2057,158.6,82.23262947,158.59,96.2057,158.6,82.23262947,158.59,96.2057,158.6,82.23262947,158.59,96.2057,158.6,82.23262947
1525403385,158.59,96.2057,158.6,82.23262947,158.59,96.2057,158.6,82.23262947,158.59,96.2057,158.6,82.23262947,158.59,96.2057,158.6,82.23262947,158.59,96.2057,158.6,82.23262947
1525403386,158.59,96.2057,158.6,80.95877135,158.59,96.2057,158.6,80.95877135,158.59,96.2057,158.6,80.95877135,158.59,96.2057,158.6,80.95877135,158.59,96.2057,158.6,80.95877135
1525403388,158.59,96.30604,158.6,80.95877135,158.59,96.30604,158.6,80.95877135,158.59,96.30604,158.6,80.95877135,158.59,96.30604,158.6,80.95877135,158.59,96.30604,158.6,80.95877135
1525403389,158.59,50.62764,158.6,80.95877135,158.59,50.62764,158.6,80.95877135,158.59,50.62764,158.6,80.95877135,158.59,50.62764,158.6,80.95877135,158.59,50.62764,158.6,80.95877135
1525403390,158.59,50.62764,158.6,80.95877135,158.59,50.62764,158.6,80.95877135,158.59,50.62764,158.6,80.95877135,158.59,50.62764,158.6,80.95877135,158.59,50.62764,158.6,80.95877135
1525403391,158.59,50.62764,158.6,80.95877135,158.59,50.62764,158.6,80.95877135,158.59,50.62764,158.6,80.95877135,158.59,50.62764,158.6,80.95877135,158.59,50.62764,158.6,80.95877135
1525403392,158.59,50.62764,158.6,80.95877135,158.59,50.62764,158.6,80.95877135,158.59,50.62764,158.6,80.95877135,158.59,50.62764,158.6,80.95877135,158.59,50.62764,158.6,80.95877135
1525403393,158.59,50.62764,158.6,80.95877135,158.59,50.62764,158.6,80.95877135,158.59,50.62764,158.6,80.95877135,158.59,50.62764,158.6,80.95877135,158.59,50.62764,158.6,80.95877135
1525403395,158.59,50.62764,158.6,80.95877135,158.59,50.62764,158.6,80.95877135,158.59,50.62764,158.6,80.95877135,158.59,50.62764,158.6,80.95877135,158.59,50.62764,158.6,80.95877135
1525403396,158.59,50.62764,158.6,80.95877135,158.59,50.62764,158.6,80.95877135,158.59,50.62764,158.6,80.95877135,158.59,50.62764,158.6,80.95877135,158.59,50.62764,158.6,80.95877135
1525403397,158.59,50.62764,158.6,80.95877135,158.59,50.62764,158.6,80.95877135,158.59,50.62764,158.6,80.95877135,158.59,50.62764,158.6,80.95877135,158.59,50.62764,158.6,80.95877135
1525403398,158.59,50.62764,158.6,80.95877135,158.59,50.62764,158.6,80.95877135,158.59,50.62764,158.6,80.95877135,158.59,50.62764,158.6,80.95877135,158.59,50.62764,158.6,80.95877135
1525403399,158.59,50.62764,158.6,80.95877135,158.59,50.62764,158.6,80.95877135,158.59,50.62764,158.6,80.95877135,158.59,50.62764,158.6,80.95877135,158.59,50.62764,158.6,80.95877135
1525403401,158.59,90.5273,158.6,79.70637135,158.59,90.5273,158.6,79.70637135,158.59,90.5273,158.6,79.70637135,158.59,90.5273,158.6,79.70637135,158.59,90.5273,158.6,79.70637135
1525403402,158.59,90.62821,158.6,79.8965527,158.59,90.62821,158.6,79.8965527,158.59,90.62821,158.6,79.8965527,158.59,90.62821,158.6,79.8965527,158.59,90.62821,158.6,79.8965527
1525403403,158.59,90.62821,158.6,79.8965527,158.59,90.62821,158.6,79.8965527,158.59,90.62821,158.6,79.8965527,158.59,90.62821,158.6,79.8965527,158.59,90.62821,158.6,79.8965527
1525403404,158.59,90.62821,158.6,79.8965527,158.59,90.62821,158.6,79.8965527,158.59,90.62821,158.6,79.8965527,158.59,90.62821,158.6,79.8965527,158.59,90.62821,158.6,79.8965527
1525403405,158.59,90.62821,158.6,79.8965527,158.59,90.62821,158.6,79.8965527,158.59,90.62821,158.6,79.8965527,158.59,90.62821,158.6,79.8965527,158.59,90.62821,158.6,79.8965527
1525403406,158.59,90.62821,158.6,79.8965527,158.59,90.62821,158.6,79.8965527,158.59,90.62821,158.6,79.8965527,158.59,90.62821,158.6,79.8965527,158.59,90.62821,158.6,79.8965527
1525403408,158.59,90.62821,158.6,79.8965527,158.59,90.62821,158.6,79.8965527,158.59,90.62821,158.6,79.8965527,158.59,90.62821,158.6,79.8965527,158.59,90.62821,158.6,79.8965527
1525403409,158.59,90.62821,158.6,79.8965527,158.59,90.62821,158.6,79.8965527,158.59,90.62821,158.6,79.8965527,158.59,90.62821,158.6,79.8965527,158.59,90.62821,158.6,79.8965527
1525403410,158.59,90.62821,158.6,79.8965527,158.59,90.62821,158.6,79.8965527,158.59,90.62821,158.6,79.8965527,158.59,90.62821,158.6,79.8965527,158.59,90.62821,158.6,79.8965527
1525403411,158.59,90.62821,158.6,77.8498527,158.59,90.62821,158.6,77.8498527,158.59,90.62821,158.6,77.8498527,158.59,90.62821,158.6,77.8498527,158.59,90.62821,158.6,77.8498527
1525403412,158.59,90.62821,158.6,77.8498527,158.59,90.62821,158.6,77.8498527,158.59,90.62821,158.6,77.8498527,158.59,90.62821,158.6,77.8498527,158.59,90.62821,158.6,77.8498527
1525403414,158.59,90.62821,158.6,77.8498527,158.59,90.62821,158.6,77.8498527,158.59,90.62821,158.6,77.8498527,158.59,90.62821,158.6,77.8498527,158.59,90.62821,158.6,77.8498527
1525403415,158.59,90.62821,158.6,77.8498527,158.59,90.62821,158.6,77.8498527,158.59,90.62821,158.6,77.8498527,158.59,90.62821,158.6,77.8498527,158.59,90.62821,158.6,77.8498527
1525403416,158.59,90.62821,158.6,77.8498527,158.59,90.62821,158.6,77.8498527,158.59,90.62821,158.6,77.8498527,158.59,90.62821,158.6,77.8498527,158.59,90.62821,158.6,77.8498527
1525403417,158.59,90.62821,158.6,77.8498527,158.59,90.62821,158.6,77.8498527,158.59,90.62821,158.6,77.8498527,158.59,90.62821,158.6,77.8498527,158.59,90.62821,158.6,77.8498527
1525403418,158.59,90.62821,158.6,77.8498527,158.59,90.62821,158.6,77.8498527,158.59,90.62821,158.6,77.8498527,158.59,90.62821,158.6,77.8498527,158.59,90.62821,158.6,77.8498527
1525403420,158.59,90.62821,158.6,77.8498527,158.59,90.62821,158.6,77.8498527,158.59,90.62821,158.6,77.8498527,158.59,90.62821,158.6,77.8498527,158.59,90.62821,158.6,77.8498527
1525403421,158.59,90.62821,158.6,77.8498527,158.59,90.62821,158.6,77.8498527,158.59,90.62821,158.6,77.8498527,158.59,90.62821,158.6,77.8498527,158.59,90.62821,158.6,77.8498527
1525403423,158.59,90.62821,158.6,77.8498527,158.59,90.62821,158.6,77.8498527,158.59,90.62821,158.6,77.8498527,158.59,90.62821,158.6,77.8498527,158.59,90.62821,158.6,77.8498527
1525403424,158.59,90.73821,158.6,77.8498527,158.59,90.73821,158.6,77.8498527,158.59,90.73821,158.6,77.8498527,158.59,90.73821,158.6,77.8498527,158.59,90.73821,158.6,77.8498527
1525403425,158.59,90.73821,158.6,77.8498527,158.59,90.73821,158.6,77.8498527,158.59,90.73821,158.6,77.8498527,158.59,90.73821,158.6,77.8498527,158.59,90.73821,158.6,77.8498527
1525403426,158.59,50.73821,158.6,87.53553714,158.59,50.73821,158.6,87.53553714,158.59,50.73821,158.6,87.53553714,158.59,50.73821,158.6,87.53553714,158.59,50.73821,158.6,87.53553714
1525403427,158.59,90.73748,158.6,87.53553714,158.59,90.73748,158.6,87.53553714,158.59,90.73748,158.6,87.53553714,158.59,90.73748,158.6,87.53553714,158.59,90.73748,158.6,87.53553714
1525403429,158.59,90.73748,158.6,87.53553714,158.59,90.73748,158.6,87.53553714,158.59,90.73748,158.6,87.53553714,158.59,90.73748,158.6,87.53553714,158.59,90.73748,158.6,87.53553714
1525403430,158.59,90.73748,158.6,87.53553714,158.59,90.73748,158.6,87.53553714,158.59,90.73748,158.6,87.53553714,158.59,90.73748,158.6,87.53553714,158.59,90.73748,158.6,87.53553714
1525403431,158.59,84.69794891,158.6,87.53553714,158.59,84.69794891,158.6,87.53553714,158.59,84.69794891,158.6,87.53553714,158.59,84.69794891,158.6,87.53553714,158.59,84.69794891,158.6,87.53553714
1525403432,158.59,44.69794891,158.6,87.53553714,158.59,44.69794891,158.6,87.53553714,158.59,44.69794891,158.6,87.53553714,158.59,44.69794891,158.6,87.53553714,158.59,44.69794891,158.6,87.53553714
1525403434,158.59,84.26166891,158.6,87.53553714,158.59,84.26166891,158.6,87.53553714,158.59,84.26166891,158.6,87.53553714,158.59,84.26166891,158.6,87.53553714,158.59,84.26166891,158.6,87.53553714
1525403435,158.59,84.36218891,158.6,87.53553714,158.59,84.36218891,158.6,87.53553714,158.59,84.36218891,158.6,87.53553714,158.59,84.36218891,158.6,87.53553714,158.59,84.36218891,158.6,87.53553714
1525403436,158.59,84.36218891,158.6,87.53553714,158.59,84.36218891,158.6,87.53553714,158.59,84.36218891,158.6,87.53553714,158.59,84.36218891,158.6,87.53553714,158.59,84.36218891,158.6,87.53553714
1525403437,158.59,102.63101739,158.6,87.53553714,158.59,102.63101739,158.6,87.53553714,158.59,102.63101739,158.6,87.53553714,158.59,102.63101739,158.6,87.53553714,158.59,102.63101739,158.6,87.53553714
1525403438,158.59,102.63121739,158.6,86.83418054,158.59,102.63121739,158.6,86.83418054,158.59,102.63121739,158.6,86.83418054,158.59,102.63121739,158.6,86.83418054,158.59,102.63121739,158.6,86.83418054
1525403440,158.59,102.63121739,158.6,88.207165,158.59,102.63121739,158.6,88.207165,158.59,102.63121739,158.6,88.207165,158.59,102.63121739,158.6,88.207165,158.59,102.63121739,158.6,88.207165
1525403441,158.59,102.63121739,158.6,88.207165,158.59,102.63121739,158.6,88.207165,158.59,102.63121739,158.6,88.207165,158.59,102.63121739,158.6,88.207165,158.59,102.63121739,158.6,88.207165
1525403442,158.59,105.04096451,158.6,88.207165,158.59,105.04096451,158.6,88.207165,158.59,105.04096451,158.6,88.207165,158.59,105.04096451,158.6,88.207165,158.59,105.04096451,158.6,88.207165
1525403443,158.59,105.04096451,158.6,88.207165,158.59,105.04096451,158.6,88.207165,158.59,105.04096451,158.6,88.207165,158.59,105.04096451,158.6,88.207165,158.59,105.04096451,158.6,88.207165
1525403444,158.59,105.04096451,158.6,88.207165,158.59,105.04096451,158.6,88.207165,158.59,105.04096451,158.6,88.207165,158.59,105.04096451,158.6,88.207165,158.59,105.04096451,158.6,88.207165
1525403445,158.59,105.04096451,158.6,88.547165,158.59,105.04096451,158.6,88.547165,158.59,105.04096451,158.6,88.547165,158.59,105.04096451,158.6,88.547165,158.59,105.04096451,158.6,88.547165
1525403447,158.59,105.04096451,158.6,88.547165,158.59,105.04096451,158.6,88.547165,158.59,105.04096451,158.6,88.547165,158.59,105.04096451,158.6,88.547165,158.59,105.04096451,158.6,88.547165
1525403448,158.59,105.04096451,158.6,88.547165,158.59,105.04096451,158.6,88.547165,158.59,105.04096451,158.6,88.547165,158.59,105.04096451,158.6,88.547165,158.59,105.04096451,158.6,88.547165
1525403449,158.59,105.04096451,158.6,88.207165,158.59,105.04096451,158.6,88.207165,158.59,105.04096451,158.6,88.207165,158.59,105.04096451,158.6,88.207165,158.59,105.04096451,158.6,88.207165
1525403450,158.59,105.04096451,158.6,88.207165,158.59,105.04096451,158.6,88.207165,158.59,105.04096451,158.6,88.207165,158.59,105.04096451,158.6,88.207165,158.59,105.04096451,158.6,88.207165
1525403451,158.59,105.04096451,158.6,88.207165,158.59,105.04096451,158.6,88.207165,158.59,105.04096451,158.6,88.207165,158.59,105.04096451,158.6,88.207165,158.59,105.04096451,158.6,88.207165
1525403452,158.59,105.04096451,158.6,88.207165,158.59,105.04096451,158.6,88.207165,158.59,105.04096451,158.6,88.207165,158.59,105.04096451,158.6,88.207165,158.59,105.04096451,158.6,88.207165
1525403454,158.59,107.55824031,158.6,88.207165,158.59,107.55824031,158.6,88.207165,158.59,107.55824031,158.6,88.207165,158.59,107.55824031,158.6,88.207165,158.59,107.55824031,158.6,88.207165
1525403455,158.59,107.55824031,158.6,88.207165,158.59,107.55824031,158.6,88.207165,158.59,107.55824031,158.6,88.207165,158.59,107.55824031,158.6,88.207165,158.59,107.55824031,158.6,88.207165
1525403456,158.59,107.55824031,158.6,88.207165,158.59,107.55824031,158.6,88.207165,158.59,107.55824031,158.6,88.207165,158.59,107.55824031,158.6,88.207165,158.59,107.55824031,158.6,88.207165
1525403457,158.59,107.55824031,158.6,88.477165,158.59,107.55824031,158.6,88.477165,158.59,107.55824031,158.6,88.477165,158.59,107.55824031,158.6,88.477165,158.59,107.55824031,158.6,88.477165
1525403458,158.59,107.43824031,158.6,88.353665,158.59,107.43824031,158.6,88.353665,158.59,107.43824031,158.6,88.353665,158.59,107.43824031,158.6,88.353665,158.59,107.43824031,158.6,88.353665
1525403459,158.59,107.43824031,158.6,82.33137877,158.59,107.43824031,158.6,82.33137877,158.59,107.43824031,158.6,82.33137877,158.59,107.43824031,158.6,82.33137877,158.59,107.43824031,158.6,82.33137877
